2700 4710
68 181 135 236 im.
153 159 188 238 11.
218 143 294 237 aar.
315 187 358 235 π.
385 185 462 246 ses.
483 187 525 236 ee.
562 181 628 238 ma.
648 183 696 239 111.
725 183 802 241 ene.
823 191 847 240 1.
875 146 992 252 51-3.
1054 186 1117 249 191

76 367 172 429 quam
215 364 346 407 neeesse
383 347 441 407 est.
503 343 591 409 Am.
626 344 797 410 Platonem
837 347 988 412 videlieet
1030 349 1119 414 dieis.

68 456 113 497 rm
136 434 257 516 ipsum,
284 431 404 495 Attice.
441 430 529 496 ΑΤΤ.
552 432 601 497 Tu
628 455 704 498 vero
729 457 801 499 eum
824 457 883 500 nea
906 437 1003 501 nimis
1026 437 1120 502 valde

68 545 96 585 m
122 543 182 586 nee
208 520 305 585 nimis
334 541 429 602 saepe
456 519 650 586 laudaveris.
703 522 790 588 Nam
819 523 881 589 hoe
911 525 992 589 mihi
1020 527 1116 590 etiam

69 610 133 694 illi,
160 610 216 693 qui
238 608 400 672 neminem
422 609 486 672 nisi
509 631 602 675 suum
626 610 750 675 laudari
777 612 904 696 volunt,
932 613 1120 695 concedunt,
1219 621 1240 665 -’

68 699 260 763 [arbitratu
282 718 355 761 meo
380 696 522 781 diligam.
557 697 602 764 M.
619 697 707 763 Bene
729 699 837 765 hercle
859 700 993 766 faciunt.
1035 701 1118 779 Quid

68 791 108 852 est
131 786 294 870 elegantia
317 788 374 850 tua
398 785 551 869 dignius?
580 787 670 851 euius
698 790 732 852 et
756 789 826 853 vita
853 793 886 854 et
912 791 1017 855 oratio
1045 812 1118 856 eon-

73 875 156 939 mihi
168 875 295 939 videtur
314 873 541 938 difficillimam
554 875 643 939 illam
664 877 854 941 societatem
865 878 1037 964 gravitatis
1047 900 1119 943 eum

68 965 157 1028 itate.
194 962 281 1027 Arr.
301 959 385 1027 Sane
408 962 548 1047 gaudeo‚.
566 964 652 1048 quod
678 967 712 1031 te
730 965 945 1049 interpellavi,
968 968 1121 1051 quoniam

68 1055 167 1117 [tam
195 1052 396 1137 praeclarum
424 1051 503 1115 mihi
532 1051 649 1118 dedisti
677 1053 788 1118 iudieii
816 1055 863 1119 tui
889 1056 1121 1120 testimonium.

68 1162 143 1226 nge,
175 1147 212 1204 ut
235 1161 395 1223 coeperas.
445 1139 475 1204 2.
498 1138 541 1203 Μ.
564 1139 747 1206 Laudemus
770 1142 872 1227 igitur
893 1143 983 1226 prius
1013 1144 1119 1229 legem

72 1229 156 1294 veris
180 1232 213 1293 et
234 1228 375 1311 propriis
399 1229 526 1312 generis
550 1229 600 1292 sui
623 1228 782 1295 laudibus.
828 1230 914 1296 ΑΤΤ.
939 1230 1023 1296 Sane
1048 1233 1116 1316 qui-

68 1320 136 1382 ieut
159 1318 197 1382 de
220 1317 415 1402 religionum
438 1317 510 1401 lege
533 1316 649 1382 fecisti.

68 1457 75 1470 .
103 1406 229 1471 Videtis
257 1407 358 1490 igitur
385 1406 597 1489 magistratus
623 1406 708 1470 hane
736 1429 805 1471 esse
828 1407 908 1490 vim,
934 1412 972 1473 ut
994 1409 1119 1492 praesit

68 1496 208 1579 ibatque
236 1498 325 1559 reeta
352 1496 385 1556 et
411 1493 506 1558 utilia
534 1498 567 1559 et
595 1495 768 1560 eoniuneta
795 1517 868 1560 eum
892 1496 1051 1580 legibus*
1074 1496 1120 1562 Ut

68 1583 310 1668 magistratibus
341 1582 443 1666 leges,
480 1583 527 1646 ita
559 1583 680 1666 populo
712 1587 868 1667 praesunt
897 1586 1122 1671 magistratus,

68 1695 81 1737 e
105 1673 168 1736 diei
191 1673 300 1755 potest
322 1671 550 1753 magistratum
573 1672 680 1757 legem
703 1694 773 1737 esse
796 1673 991 1758 loquentem,
1013 1675 1120 1759 legem

78 1764 204 1826 mutum
223 1759 462 1844 magistratum.
500 1759 530 1824 3.
552 1759 644 1825 Nihil
662 1782 760 1845 porro
779 1764 848 1834 tam
872 1765 983 1845 aptum
1006 1767 1057 1827 est
1081 1761 1121 1826 ad

68 1849 310 1931 ndieionemque
338 1852 472 1912 naturae
502 1848 649 1932 -quod
677 1871 749 1913 eum
777 1850 861 1933 dice,
888 1851 995 1933 legem
1024 1873 1043 1914 a
1070 1872 1122 1914 me
1203 1910 1206 1915 .

68 1938 184 2022 ¹tellegi
211 1937 286 2001 volo
314 1973 356 1982 —
386 1957 483 2019 quam
510 1936 695 2020 imperium,
727 1937 795 2001 sine
828 1959 890 2021 quo
918 1959 978 2002 nee
1006 1938 1120 2003 domus

68 2048 94 2092 rc
118 2027 231 2091 civitas
254 2045 313 2088 nee
338 2044 418 2108 gens
436 2045 496 2089 nee
513 2025 682 2089 hominum
701 2025 885 2090 universum
909 2047 1011 2112 genus
1035 2030 1121 2092 stare

68 2137 143 2180 rum
174 2118 293 2179 natura
320 2114 424 2178 omnis
453 2135 513 2178 nee
543 2114 612 2198 ipse
640 2113 778 2179 mundus
794 2118 923 2198 potest.
974 2114 1062 2181 Nam
1090 2119 1123 2181 et

70 2307 93 2346 e.
108 2289 343 2357 Hoehseh'atznng
361 2288 410 2341 des
425 2288 508 2342 Plato
597 2288 728 2357 quoniam
757 2289 865 2357 quidun
893 2313 927 2334 =·
950 2291 1122 2358 quaudoque?-

77 2367 120 2416 39.
562 2359 629 2413 dem.
668 2357 709 2412 Of.
732 2359 813 2413 Rosa.
832 2361 895 2414 Am.
914 2365 962 2426 303
987 2359 1066 2415 Verr.
1086 2360 1121 2414 II.

68 2429 317 2557 iuratae
331 2427 509 2552 aare
562 2429 812 2569 aaran
831 2429 984 2556 aaa
1003 2430 1059 2555 a·
1074 2437 1122 2557 a

322 2541 329 2566 ι
634 2541 639 2553 ·
699 2541 707 2566 s
805 2541 810 2554 ·
875 2540 882 2566 ν
979 2544 985 2556 ’
1042 2544 1048 2556 ·
1114 2543 1121 2568 a

68 2576 89 2629 e
105 2571 283 2642 gewdhnlieh
297 2570 383 2625 allein
396 2570 425 2623 in
440 2567 508 2624 leta·
562 2571 631 2639 Rep.
641 2570 689 2625 III.
699 2576 749 2638 453
767 2571 867 2626 Parad.
878 2576 925 2638 413
939 2571 999 2627 Aa.
1009 2573 1043 2626 Π.
1057 2578 1081 2628 1.
1092 2579 1122 2640 ἃς

68 2645 153 2709 tinne3
172 2643 234 2697 hier
247 2641 315 2696 aber
331 2641 443 2695 machte
463 2640 508 2694 die
562 2642 639 2695 Fam.
659 2642 680 2696 1.
700 2647 725 2697 9.
747 2648 789 2696 19.

68 2716 102 2769 ht
125 2713 176 2768 auf
192 2714 238 2767 die
258 2711 437 2768 concinnittt
455 2711 508 2765 den
598 2718 613 2777 ξ
632 2718 657 2766 2.
691 2713 772 2784 apem
789 2713 880 2782 ipsam
898 2713 948 2768 das
966 2716 1122 2784 gesammte

68 2786 202 2841 roseata
213 2783 403 2852 nothwendig.
418 2782 508 2835 Eben·
563 2781 663 2838 Geseta
681 2782 712 2836 in
731 2783 821 2838 seiner
841 2784 1027 2852 allgemeinen
1047 2784 1121 2838 ‘l'en-

68 2860 78 2912 t
111 2856 160 2910 des
198 2857 375 2924 pragnanten
405 2853 509 2906 nimius
563 2854 632 2907 dena
658 2853 705 2921 (ef.
729 2854 762 2909 ΙΙ.
789 2855 841 2921 14),
868 2854 1054 2924 wohingegen
1077 2853 1122 2910 die

68 2929 142 2982 simis
177 2941 306 2996 magnus:
357 2925 427 2979 Mur.
460 2928 508 2989 593
563 2924 708 2978 einzelnen
725 2923 955 2994 Bestimmungen
976 2925 1123 2980 desselben

68 3004 111 3064 113
132 2997 225 3052 0ff.1.
246 3002 292 3062 193
316 2996 393 3049 Fam.
415 2994 463 3048 III.
483 2997 508 3046 8.
562 2996 641 3064 (tepea
658 3000 674 3060 ἓ
693 2996 720 3064 5)
739 2997 796 3049 emt
816 2996 890 3050 naeh
907 2996 983 3050 ihrer
996 2996 1122 3051 Verktin-

73 3075 116 3124 10.
136 3075 161 3123 6.
563 3065 670 3136 digung
702 3065 836 3120 erlantert
872 3066 930 3120 und
962 3067 1122 3136 empfohlen

68 3140 136 3194 tilla·
155 3139 200 3193 die
220 3137 383 3208 Epikureer.
562 3137 682 3191 werden.

97 3211 152 3265 den
177 3210 274 3277 lmen,
305 3210 448 3277 pregnant
476 3232 509 3252 ==
595 3208 721 3277 propriis
745 3207 950 3278 angeherigen,
970 3209 996 3263 d.
1015 3209 1042 3264 h.
1063 3214 1123 3264 eut

68 3282 160 3336 [eister
172 3281 230 3335 und
240 3279 339 3334 Stifter
353 3280 403 3333 der
411 3278 509 3331 Lehre.
564 3278 763 3348 spreeheuden.

68 3353 117 3407 hre
130 3349 510 3418 massloseVerehrungdes-
598 3351 705 3419 quereris
722 3351 768 3404 sai
786 3349 850 3404 dem
870 3349 1000 3419 Geticae,
1024 3352 1075 3406 das
1093 3369 1123 3407 es

68 3442 85 3478 s.
105 3441 139 3477 au
157 3424 177 3476 I.
197 3428 240 3476 21.
563 3419 678 3487 betrifft
697 3421 828 3488 umfasst‚
853 3420 958 3476 seinem
976 3422 1122 3477 Inhalte.

68 3496 121 3549 etia
136 3491 318 3559 Gesahmaek‚
333 3490 510 3545 Sehdnheite·
599 3492 654 3545 eim
664 3491 773 3547 Wesen.
788 3493 935 3546 eoaimeeta
949 3509 1010 3546 eum
1021 3493 1124 3562 tepidus

68 3565 91 3620 3.
122 3565 243 3619 dartiber
270 3561 351 3617 Corn.
379 3563 437 3616 Att.
467 3567 508 3629 19,
565 3561 846 3617 das—verbundene
865 3579 885 3618 s.
904 3580 931 3617 v.
950 3579 975 3616 a.
994 3562 1124 3618 fiberein-

68 3636 118 3691 =ine
141 3636 300 3691 humanitas
322 3633 360 3687 ib.
380 3638 441 3686 411.
466 3638 509 3699 16,
566 3632 739 3687 stimmende.
778 3632 869 3688 Sumit
892 3632 962 3687 wird
981 3633 1030 3688 der
1047 3633 1123 3706 Mag.

68 3724 74 3762 t
103 3712 145 3761 15.
191 3706 275 3762 Grau.
299 3704 418 3772 warde,
447 3703 509 3757 eine
565 3703 628 3757 dem
661 3701 777 3758 Geretae
807 3705 911 3771 anton,
937 3704 1001 3758 dem
1033 3705 1124 3761 Volke

68 3775 286 3834 =Gehaltenheit
304 3794 330 3829 u.
346 3773 509 3829 Gemessen-
565 3774 779 3843 fibergeordnet.
815 3774 855 3829 (tf.
875 3773 983 3831 Oluent.
1004 3782 1064 3832 146.

68 3849 216 3904 sWesens
235 3848 312 3902 steht
329 3846 360 3901 in
373 3845 450 3900 einer
458 3845 511 3900 Art
600 3850 660 3909 §a
688 3845 873 3900 emedieioaem
890 3862 918 3899 a.
937 3845 1124 3915 Verhtltniss

68 3939 91 3975 s.
112 3938 146 3974 nu
172 3919 222 3973 der
245 3935 295 3972 aus
320 3915 510 3972 umfassender
565 3914 736 3985 Verfassung
754 3916 804 3970 der
821 3915 857 3970 N.

68 4009 77 4060 g
126 3988 362 4059 entspringendeu
411 3987 512 4042 Milde:
602 3988 650 4056 leq.
669 3989 695 4042 d.
714 3988 765 4042 iat.
784 4004 808 4042 u.
846 3986 886 4043 af.
910 3989 931 4044 I.
952 3994 998 4056 183
1025 3990 1124 4057 19311.

98 4061 137 4115 ist
177 4060 353 4125 abweisend‚
397 4058 513 4112 letatere
567 4063 676 4124 10313.

68 4133 166 4187 nund
193 4129 417 4193 rfieksiehtsvoll.
459 4129 513 4182 Im·
602 4145 694 4184 rerum
707 4134 813 4184 natan
831 4129 877 4185 die
891 4129 931 4183 im
944 4129 1061 4185 Bereieh
1075 4130 1124 4185 des

69 4204 182 4259 werden
196 4202 279 4257 beide
296 4197 525 4283 lligensehalten¹
567 4197 719 4257 Mensahen
744 4201 874 4270 liegende
902 4230 936 4240 -
964 4201 1014 4254 der
1038 4200 1124 4257 Erde:

68 4293 113 4331 em
136 4275 179 4329 Pl.
201 4272 429 4344 augesehneben,
453 4287 514 4324 aus·
569 4269 609 4324 eie
628 4272 695 4326 aber
713 4271 805 4327 bildet
821 4270 924 4327 wieder
941 4269 1024 4327 einen
1042 4271 1126 4327 'lbeil

68 4347 101 4402 eh
122 4344 167 4401 Or.
186 4351 229 4400 62.
569 4340 619 4395 der
649 4342 818 4399 adamasse
1034 4342 1126 4399 Ilben-
