2730 4710
88 155 131 219 84
562 153 612 208 DE
630 153 784 211 LEGIBUS

96 317 183 382 sulta
205 316 338 382 fortium
363 319 395 382 et
419 316 613 401 sapientium
637 338 710 383 oum
735 317 958 401 improborum
980 315 1161 402 ignominia
1184 334 1290 381 senr-

94 406 230 491 piternis
253 406 471 471 monumentis
498 405 643 489 prodere.
688 405 777 483 Quae
805 428 902 490 quom
930 409 981 471 tot
1010 427 1062 471 res
1088 407 1285 488 tantaeque

93 495 168 579 sint,
191 516 272 579 quae
296 495 401 560 inesse
424 495 459 558 in
486 493 616 559 homine
638 496 872 580 perspiciantur
899 495 941 560 ab
968 495 1023 576 iis,
1054 495 1110 579 qui
1139 515 1173 558 se
1199 490 1284 577 ipsi

92 584 195 649 velint
217 605 322 666 nosse,
346 605 456 648 earum
469 604 586 666 parens
602 588 652 648 est
666 584 893 669 educatrixque
909 583 1079 668 sapientia
1102 583 1153 648 63.
1176 582 1282 647 ΑΤΤ.

92 672 240 738 Laudata
259 673 389 757 quidem
412 676 487 737 ate
511 673 655 758 graviter
678 677 711 737 et
733 693 815 739 vere.
862 671 924 738 Sed
947 694 1084 756 quorsus
1107 671 1169 738 hoa
1192 690 1280 755 per-

86 761 193 827 tinet?
211 760 256 826 M.
273 760 420 826 Primum
439 761 480 826 ad
499 783 545 844 ea,
564 761 732 845 Pomponi,
751 762 790 826 de
809 762 926 845 quibus
941 761 1045 826 asturi
1058 761 1123 826 iarn
1143 780 1275 839 sumus,

89 872 171 935 quae
189 853 283 915 tanta
301 871 371 914 esse
389 851 551 916 volumus:
575 871 640 914 non
659 851 744 915 enim
764 854 865 931 erunt,
883 850 948 914 nisi
971 871 1009 914 ea
1029 850 1160 933 fuerint,
1179 847 1273 913 unde

89 940 149 1004 illa
172 942 315 1023 manant,
336 938 546 1022 amplissima.
577 938 702 1004 Deinde
722 938 807 1004 faoio
827 943 860 1003 et
877 938 1026 1004 lubenter
1045 942 1087 1022 et,
1105 942 1143 1002 ut
1162 957 1273 1022 spere,

89 1032 185 1111 reete,
204 1027 290 1112 quod
309 1048 389 1110 eam,
409 1028 522 1112 quoius
542 1026 649 1093 studio
664 1031 776 1093 teneor·
791 1049 935 1112 quaeque
953 1049 1004 1092 rne
1019 1048 1102 1111 eum,
1121 1027 1269 1112 quicum·

91 1138 151 1202 que
176 1139 262 1201 sum,
285 1116 405 1200 effeeit,
432 1138 498 1181 non
521 1138 654 1200 possum
678 1115 808 1182 silentio
831 1116 1016 1200 praeterire.
1061 1115 1149 1181 Aur.
1175 1115 1266 1181 Vero

86 1273 133 1329 die
174 1271 516 1343 Gesohiohtssehreibung.
577 1273 648 1328 Dass
702 1273 752 1328 der
766 1273 1005 1343 gesohiehtliohen
1014 1272 1258 1343 Darstellungan·

87 1346 160 1400 auch
187 1345 264 1400 disse
288 1363 322 1399 zu
349 1345 404 1399 den
425 1343 574 1414 Aufgaben
599 1344 649 1399 des
703 1345 797 1399 sahen.

87 1417 212 1471 Redners
231 1416 385 1498 gereahnet
402 1415 485 1485 vird,
503 1415 650 1470 ersoheint
716 1485 722 1498 ⁸
737 1415 907 1498 sempiternis
925 1416 1105 1470 monumentis
1122 1432 1166 1484 pr.
1184 1419 1258 1470 utm-

11 1618 14 1625 ,
90 1486 371 1640 itirsitfftthti
384 1485 648 1640 ideisiuiiieiii]
702 1485 1257 1640 tituiiitffttttkifftttditrdil

89 1629 153 1699 Vgl.
178 1630 223 1683 d1e
247 1628 407 1698 uberhaupt
429 1628 494 1683 sehr
518 1627 649 1683 thnhehe
702 1631 746 1684 ter
764 1628 993 1698 Ueberheferrmg
1011 1628 1050 1683 ist
1068 1629 1146 1684 drese
1159 1628 1255 1682 Phrase

90 1701 129 1755 St.
150 1700 175 1756 d.
192 1699 237 1756 Or.
251 1700 287 1754 Π.
301 1704 416 1754 35-36.
448 1699 545 1754 Huius
562 1701 650 1754 estin
703 1699 743 1754 im
754 1699 838 1754 Sinne
852 1716 907 1755 von
916 1699 1075 1769 verewigen
1086 1699 1253 1755 anwendbar.

88 1772 182 1826 dando
205 1772 318 1826 canutio
341 1772 479 1839 explicata
500 1770 650 1836 sententia;
737 1771 944 1840 perspicientem
961 1771 1011 1825 der
1030 1769 1118 1840 Oonj„
1136 1771 1202 1827 weil
1217 1767 1255 1824 die

88 1843 206 1897 onmem
238 1847 264 1896 et
295 1843 452 1912 ianpumtis
479 1843 581 1911 popuii
606 1843 650 1896 in
703 1839 891 1911 Mognchkeis
932 1841 980 1896 des
1017 1840 1181 1897 Erkennens
1216 1841 1255 1896 be·

91 1914 186 1968 citatio
202 1918 228 1967 et
241 1914 368 1981 effrenati
381 1914 530 1968 moderatio
534 1934 545 1980 ;
559 1914 651 1968 eudon
703 1913 832 1968 zeiehnet
848 1911 928 1980 und,
949 1913 996 1967 die
1014 1913 1085 1967 eben
1104 1912 1198 1969 davon
1214 1911 1253 1968 ab·

88 1985 221 2052 facultate
239 1990 264 2038 et
282 1985 362 2051 fraus
380 1985 520 2040 hominmn
533 1985 571 2038 ad
585 2001 650 2053 per-
703 1984 801 2053 hhngt
820 1984 885 2038 dass
899 1985 943 2050 (=
958 1984 1050 2052 wenn)
1064 1984 1186 2040 demand
1204 1982 1253 2039 siah

88 2056 187 2110 nisiem
205 2060 230 2110 et
247 2056 393 2125 interritus
416 2057 454 2111 ad
473 2056 588 2110 saluum
605 2071 650 2109 vo·
704 2054 792 2110 selbst
810 2072 845 2108 au
863 2054 1004 2110 erkennen
1022 2055 1111 2110 suoht.

88 2132 176 2182 eatur.
215 2126 284 2196 Quis
307 2127 445 2182 sabomari
468 2127 506 2181 aa
523 2127 649 2181 uirtutem
738 2131 806 2191 §63-
826 2127 1062 2180 laudata-aere.
1089 2125 1186 2181 Duroh
1195 2129 1255 2181 Aus-

89 2197 245 2264 nrdentius,
268 2199 331 2267 quis
353 2216 372 2252 a
394 2198 472 2252 vitiis
494 2198 588 2253 aerius
608 2213 648 2252 re·
703 2196 820 2266 lassung
834 2197 884 2251 der
898 2196 1006 2265 Copula
1019 2197 1132 2252 werden
1147 2196 1253 2253 dieAd·

88 2285 199 2335 uocare,
231 2270 293 2338 quis
325 2270 483 2338 uituperare
513 2269 650 2339 improbos
703 2267 802 2341 verbia
819 2269 941 2338 praviter
963 2273 988 2322 et
1004 2284 1070 2323 aere
1090 2268 1257 2325 naehdrdok·

88 2340 227 2409 asperius,
251 2341 313 2409 quis
331 2341 448 2396 laudare
466 2341 549 2395 bonos
567 2349 649 2394 orna-
703 2339 761 2394 lioh
784 2339 841 2392 und
866 2338 1006 2394 effeotvoll
1026 2339 1256 2410 hervorgehoben.

88 2415 145 2465 tius
169 2416 274 2480 potest;
301 2413 363 2481 quis
387 2428 535 2467 maerorem
562 2413 650 2466 ierore
703 2410 768 2480 Vgl.
787 2411 821 2464 ΙΙ.
842 2416 883 2465 19.

84 2483 184 2536 ¹mitius
209 2482 396 2538 consolando?
434 2483 562 2538 Historia
588 2498 650 2536 aero
740 2483 778 2536 ad
805 2498 837 2536 ea
855 2511 889 2521 -
908 2498 977 2550 qnae
1009 2481 1063 2536 den
1091 2481 1189 2539 Inhalt
1214 2481 1256 2536 der

88 2553 164 2607 testis
180 2557 344 2621 temporum,
369 2555 419 2608 inu
436 2554 574 2621 ueritatis,
592 2555 651 2608 uita
706 2552 822 2608 schrift:
842 2553 910 2622 iopes
921 2558 953 2607 et
970 2554 1015 2607 ius
1033 2554 1119 2609 cirita

89 2624 246 2690 memoriae,
273 2625 407 2693 manistrn
437 2625 522 2690 uitae,
549 2625 652 2679 mmtia
739 2628 867 2678 tnntasa.
883 2629 1016 2693 quantam
1030 2625 1198 2694 sapientiam
1211 2638 1257 2680 ease

90 2695 247 2760 uetustatis,
274 2711 330 2763 quo
352 2710 413 2750 uoce
435 2695 495 2749 aiio
516 2696 573 2750 uisi
590 2711 651 2751 ora-
704 2700 730 2749 et
756 2699 844 2750 eamn
870 2712 939 2764 quae
965 2697 998 2750 in
1027 2713 1060 2750 ea
1086 2697 1180 2764 posita
1201 2698 1258 2751 sunt

75 2767 161 2820 vtoris
191 2766 394 2821 immortalitati
428 2765 650 2821 commendatur?
704 2767 782 2821 modo
809 2767 975 2821 ostendimus
999 2767 1189 2838 [amplissima
1216 2783 1257 2820 mr·

89 2836 201 2892 Ebenso
225 2837 271 2891 Or.
296 2843 330 2892 37
354 2838 412 2892 und
437 2836 464 2892 d.
488 2838 534 2894 Or.
552 2837 587 2893 ΙΙ.
607 2843 650 2904 51,
705 2854 805 2907 genna,
815 2837 856 2892 als
866 2854 947 2892 wenn
958 2839 1130 2906 amplissima
1140 2838 1257 2907 (amplo),

88 2925 132 2963 wo
160 2907 238 2963 dieue
264 2907 395 2978 Aufgabe
426 2909 500 2964 noch
528 2925 651 2980 genauer
704 2908 785 2964 nieht
803 2913 882 2963 tanta
900 2908 1087 2978 vorauginge3
1106 2909 1172 2964 dem
1185 2912 1257 2965 rann

89 2979 235 3034 bestimmt
260 2980 347 3035 wird=
379 2981 439 3050 Ape
469 2996 531 3035 uero
559 2980 650 3049 quatis
703 2980 798 3034 wtirde
812 2982 907 3050 strong
920 2996 1088 3049 genommen
1101 2984 1159 3035 tarn
1172 2979 1257 3048 anpin

89 3051 209 3106 oratoris
236 3056 261 3105 et
288 3053 387 3120 quanti
409 3052 527 3106 bominis
549 3053 582 3104 in
605 3052 650 3106 di·
702 3051 871 3119 (roraeaiara)
894 3050 1087 3128 entspreohen.
1125 3050 1170 3106 Da
1190 3049 1258 3106 abri-

90 3123 174 3176 oendo
187 3126 275 3191 putas
289 3137 343 3176 esse
355 3122 499 3176 historiam
512 3120 649 3176 scribae?
703 3138 772 3191 gens
790 3122 863 3194 mide
877 3151 911 3161 -
924 3127 1041 3176 manant
1054 3121 1110 3177 den
1125 3121 1188 3178 Ton
1204 3121 1256 3184 hat

88 3192 123 3246 Si
151 3197 183 3246 ut
206 3192 307 3247 Graeci
333 3193 515 3261 seripserunt,
542 3193 650 3258 summi,
694 3208 734 3247 so
758 3192 850 3246 durfte
874 3191 934 3247 siah
952 3192 1097 3249 vielleieht
1118 3193 1181 3248 eine
1199 3193 1257 3248 Um·

88 3263 182 3332 inquit
200 3262 331 3329 Oatuius,
348 3264 387 3329 si,
409 3268 441 3317 nt
458 3264 560 3329 nostri,
578 3264 650 3318 nibil
703 3263 828 3332 stellung
844 3263 893 3317 der
906 3263 1076 3318 Pronomina
1091 3262 1257 3334 empfehlen:

89 3350 159 3402 opus
176 3338 215 3388 est
232 3338 354 3399 oratoru·
378 3335 448 3389 satis
466 3339 504 3388 est
521 3349 579 3389 non
596 3350 651 3390 esse
702 3334 755 3389 iiia
772 3335 891 3400 fuerint,
909 3335 982 3389 unde
1000 3351 1032 3389 ea
1049 3334 1110 3404 m.].

90 3406 250 3473 mendacem,
269 3405 327 3458 und
340 3404 508 3470 uniter—5
524 3411 566 3459 64.
596 3406 651 3459 Zur
740 3407 827 3473 effecit
854 3404 909 3461 cis.
941 3403 1064 3460 schreibt
1096 3406 1146 3460 der
1171 3405 1257 3460 Philo

88 3476 249 3546 Erklhrung
267 3475 365 3531 dassen
388 3476 426 3530 ist
447 3493 482 3530 au
504 3475 650 3545 beachten‚
704 3477 802 3545 sophie
839 3476 956 3531 numeist
992 3476 1068 3531 saine
1103 3476 1257 3531 vollendets

89 3548 153 3602 dass
184 3547 230 3601 fiir
261 3547 312 3602 das
340 3544 422 3616 γένος
449 3542 649 3616 desideraueris,
704 3547 887 3616 Tfiohtigkeit
913 3548 964 3601 anf
985 3548 1049 3602 dem
1073 3547 1192 3602 Gebiete
1215 3547 1259 3601 der

88 3617 650 3674 wohindieGesehiahtenattirliehauah
702 3617 866 3672 Redehunst
879 3633 920 3673 zu.
946 3617 986 3673 Of.
1002 3617 1048 3672 Or.
1065 3624 1097 3672 12
1113 3618 1161 3689 fig.
1171 3652 1174 3660 ·
1186 3617 1257 3679 Brut

88 3688 649 3760 zuaiehenistitberhauptniehtmiind·
702 3694 764 3744 322.

88 3759 163 3841 liohe
181 3760 280 3815 Reden
297 3763 508 3831 vorausgesatzt
528 3762 661 3830 werden,'
743 3759 812 3814 Vero
834 3759 957 3814 fur-want
982 3761 1012 3814 in
1029 3760 1258 3886 Entpegnungea

87 3845 141 3884 wre
166 3829 198 3900 ja
221 3830 294 3885 denn
318 3831 364 3886 die
387 3832 437 3887 des
460 3833 573 3888 Isoarat.
598 3849 650 3885 nur
702 3829 1147 3904 mdieserfltellmgniohtahu
1155 3830 1256 3902 haudp.

87 3900 372 3970 ganohnabensund
400 3920 464 3957 zum
486 3902 576 3956 Lesen
601 3903 649 3958 be·
703 3902 770 3972 Leg.
798 3902 832 3956 II.
856 3908 891 3957 46
936 3903 998 3958 Hor
1024 3904 1113 3972 mauis
1145 3919 1191 3959 eas
1221 3915 1259 3969 rsa

89 3971 213 4026 stimmte
244 3971 352 4039 waren,
385 3972 449 4027 dass
479 3973 572 4028 ferner
603 3972 675 4029 die«
702 3973 821 4041 mertini,
840 3974 913 4042 qnod
931 4006 965 4014 -
985 3976 1022 4031 ad
1040 3975 1138 4029 —ius
1152 4005 1189 4015 -
1200 3989 1258 4044 pm

86 4042 173 4098 Alten
195 4044 328 4126 gewbhnt
351 4060 457 4112 waren,
481 4042 562 4099 einen
584 4061 648 4100 vor·
702 4045 799 4099 tinent.
841 4044 911 4100 Vero
936 4050 961 4100 et
982 4064 1002 4100 a
1021 4045 1200 4114 peritissimis
1222 4061 1259 4115 sq.

88 4113 452 4242 {russanum
465 4115 576 4241 err
701 4115 763 4241 tr
788 4116 818 4240 ἢ
835 4121 893 4243 tt
1007 4147 1041 4157 -
1139 4117 1259 4246 ure

123 4205 138 4240 r
449 4204 549 4242 emn
592 4205 630 4241 un
764 4229 825 4242 ..
959 4204 1136 4243 aramenus.

25 4313 29 4321 ,
53 4283 55 4286 ·
87 4256 133 4312 die
160 4257 357 4327 Einfleohtung
384 4274 440 4313 von
466 4229 563 4312 Rederi
593 4259 648 4312 ins·
707 4206 777 4313 Velio
794 4259 863 4314 mihi
880 4260 1030 4314 notissima.
1064 4260 1146 4315 Tusa.
1161 4261 1196 4315 II.
1212 4265 1260 4327 263

88 4327 240 4384 besondere
254 4327 296 4386 als
310 4329 391 4386 einen
402 4328 554 4400 wiehtigen
563 4329 646 4384 Theil
701 4329 779 4404 Brut.
790 4335 855 4399 3⁰⁰3
874 4329 944 4386 Mur.
957 4336 1004 4398 65;
1018 4331 1086 4402 Leg.
1096 4333 1163 4400 Agr.
1174 4331 1208 4388 Π.
1217 4335 1258 4388 st.
