2730 4710
43 2432 45 2436 ·
142 2404 188 2459 die
217 2404 369 2459 Censoren:
406 2403 467 2458 ihre
496 2403 704 2459 archiscrische

138 161 204 226 222
616 157 666 212 DE
684 155 840 213 LEGIBUS

139 323 272 401 Quinte,
296 320 537 388 animadvertis.
581 318 671 384 Haec
695 322 745 384 est
768 318 868 403 enim,
896 339 994 402 quarn
1019 316 1126 401 Scipio
1149 317 1266 382 laudat
1285 317 1314 381 in

139 412 206 476 illis
224 411 318 475 libris
338 415 371 475 et
389 431 486 494 quam
505 407 645 473 maxime
663 408 782 491 probat
800 407 1071 490 temperationem
1089 406 1136 470 rei
1159 405 1318 492 publicae,

140 521 221 584 quae
255 499 339 564 effici
366 520 431 563 non
454 497 617 581 potuisset
638 496 704 560 nisi
726 496 788 560 tali
812 494 1030 579 descriptione
1057 495 1316 580 magistratuum.

140 587 228 653 Nam
253 588 299 652 sic
317 587 480 670 habetote,
506 584 754 669 magistratibus
773 583 887 668 iisque,
911 584 966 667 qui
983 584 1138 668 praesint,
1161 583 1313 649 contineri

139 698 210 741 rem
242 675 408 759 publicam
437 678 470 738 et
498 695 536 738 ex
568 695 680 738 eorum
712 672 936 756 conpositione
973 672 1059 757 quod
1086 673 1241 756 cuiusque
1273 671 1316 736 rei·

138 764 291 849 publicae
323 784 425 848 genus
457 763 502 827 sit
538 761 696 846 intellegi.
752 761 842 838 Quae
878 782 930 826 res
968 782 1040 826 cum
1076 761 1315 844 sapientissime

65 882 67 886 ⁴
138 853 459 936 moderatissimeque
492 851 671 916 constituta
699 854 827 914 esseta
859 849 1036 913 maioribus
1067 848 1205 932 nostris,
1238 847 1315 912 nihil

139 941 240 1006 habui
267 959 360 1025 sane,
388 952 454 1004 non
482 939 577 1004 modo
602 939 754 1022 multum,
783 937 868 1023 quod
895 940 1045 1021 putarem
1073 936 1313 1003 novandumin
1351 938 1355 953 ''

139 1029 302 1115 legibus.
350 1027 400 1094 13.
423 1028 509 1092 Aru.
532 1026 659 1092 Reddas
682 1027 785 1110 igitur
806 1026 911 1110 nobis,
936 1029 974 1091 ut
996 1026 1032 1089 in
1054 1025 1225 1110 religionis
1247 1026 1329 1111 lege-

138 1117 247 1183 fecisti
271 1117 437 1182 admonitu
460 1119 493 1180 et
515 1119 635 1200 rogatu
657 1137 743 1199 meo,
770 1115 816 1180 sic
840 1115 879 1180 de
902 1112 1165 1198 magistratibus,
1196 1116 1233 1178 ut
1256 1113 1313 1179 dis·

138 1210 233 1290 putes
248 1206 364 1290 quibus
375 1205 529 1270 decausis
544 1204 682 1269 maxime
696 1206 824 1288 placeat
836 1204 903 1268 ista
915 1202 1099 1286 descriptio.
1123 1201 1168 1266 M.
1181 1201 1315 1286 Faciam,

140 1294 260 1378 Attice,
282 1298 320 1358 ut
339 1295 398 1378 vis,
421 1294 579 1359 stlocum
597 1293 698 1358 istum
716 1296 832 1378 totum,
850 1295 887 1356 ut
906 1314 925 1356 a
944 1291 1142 1356 doctissimis
1163 1290 1324 1365 Graeciae*

139 1383 324 1467 quaesitum
347 1386 379 1446 et
402 1382 602 1466 disputatum
626 1385 687 1466 est,
716 1381 884 1465 explicabo
908 1383 955 1464 et,
977 1384 1015 1444 ut
1037 1379 1181 1465 institui,
1200 1381 1320 1469 gnesna·

141 1472 212 1536 iura
236 1472 407 1558 attingam.
453 1473 537 1534 Aru.
559 1469 653 1535 Istud
681 1471 822 1534 maxime
850 1473 984 1552 expecto
1007 1464 1191 1536 disserendi.
1205 1455 1312 1553 'genus
1339 1537 1341 1543 ,

139 1558 184 1624 Μ.
207 1559 311 1643 Atqui
332 1559 487 1642 pleraque
516 1562 591 1623 suut
619 1560 707 1623 dicta
734 1559 770 1622 in
796 1558 862 1622 illis
890 1557 997 1642 libris,
1027 1556 1113 1641 quod
1136 1556 1310 1621 faciendum

140 1647 211 1727 fuit,
235 1669 307 1711 cum
322 1646 361 1711 de
380 1649 515 1730 optuma
533 1667 568 1710 re
585 1647 717 1731 publica
734 1649 950 1731 quaereretur.
989 1646 1039 1710 14.
1063 1643 1126 1710 Sed
1141 1644 1237 1710 huius
1255 1643 1311 1709 loci

140 1735 179 1799 de
207 1734 454 1820 magistratibus
483 1739 559 1799 sunt
585 1736 719 1819 propria
747 1734 920 1820 quaedam,
954 1757 974 1799 a
1000 1733 1229 1818 Theophrasto
1255 1732 1312 1817 pri-

113 1901 114 1904 ,
140 1847 242 1908 mum,
266 1824 380 1888 deinde
404 1846 424 1888 a
446 1821 593 1910 Diogene
617 1822 727 1890 Stoico
751 1823 898 1908 quaesita
921 1823 1083 1888 subtilius.

145 1982 219 2035 auch
241 1980 317 2035 wohl
336 1996 368 2034 so
381 1981 501 2049 pantana
523 1981 588 2034 hnic
612 1979 705 2035 Cottae
758 1979 785 2034 d.
797 1979 843 2036 Or.
853 1980 874 2032 I.
887 1986 951 2047 1863
971 1980 1044 2034 iaris
1058 1978 1149 2033 civilis
1168 1977 1312 2048 cognitioni

142 2052 241 2106 tribuit
269 2052 397 2121 partiam
433 2051 470 2118 (d.
505 2050 550 2105 Or.
578 2051 598 2103 I.
628 2053 704 2119 229);
757 2050 795 2105 ib.
825 2056 891 2119 198;
918 2052 944 2105 ei
972 2051 1065 2105 stadio
1093 2055 1158 2116 2353
1177 2049 1313 2118 ‘arrspiciit

86 2151 87 2154 =
143 2124 254 2175 rtumte
278 2120 384 2191 einiger
408 2121 482 2175 Mass
508 2122 557 2175 der
574 2120 704 2175 Verthei-
757 2121 824 2175 Nat.
843 2122 870 2175 d.
889 2121 910 2175 1.
931 2126 978 2189 143
1007 2121 1034 2175 d.
1059 2120 1105 2176 Or.
1129 2121 1153 2174 Ι..
1171 2126 1219 2186 393
1242 2124 1312 2189 pote·

141 2192 248 2262 digung
267 2191 328 2260 ein,
347 2191 438 2259 nicht,
464 2191 518 2252 ,urie
537 2192 569 2247 a.
588 2191 704 2246 Kiihner
757 2194 825 2246 stati
848 2192 920 2261 Nep.
941 2192 1000 2246 Cat.
1021 2198 1050 2259 23
1077 2193 1187 2251 maneri
1212 2191 1277 2261 Leg.
1293 2189 1314 2243 l.

142 2264 289 2333 ubersetzt
318 2281 370 2316 nur
402 2262 503 2331 wenig.
554 2262 621 2316 Dies
647 2279 705 2317 non
760 2269 793 2316 14
812 2263 984 2332 unmoglich,
998 2262 1314 2329 weilindenAemnm

140 2335 264 2389 maltam.
300 2334 357 2388 Das
380 2333 501 2403 Wenige
524 2332 586 2386 hier
611 2333 706 2388 betrui
757 2334 815 2388 und
841 2334 1014 2404 politischen
1044 2333 1192 2400 Gewalten
1224 2331 1312 2398 selbst,

757 2404 838 2458 nicht
855 2403 885 2458 in
903 2406 957 2459 deu
976 2405 1019 2458 sie.
1033 2402 1233 2458 vertretenden
1253 2401 1311 2456 Per·

60 2517 65 2529 .
142 2475 273 2529 Aufsicht
291 2476 361 2530 tiber
380 2474 425 2529 die
440 2474 556 2529 Gasetze
577 2475 635 2530 und
648 2475 704 2529 dis-

142 2544 338 2613 eiplinarische
361 2546 431 2599 tiber
450 2545 627 2600 stmmtliche
653 2546 704 2600 Be·

143 2617 229 2683 amte,
247 2616 293 2670 die
307 2614 526 2684 Besttndigkeit
540 2614 632 2670 dieser
645 2617 704 2670 Mu-

143 2686 292 2755 gistratur,
311 2684 369 2738 und
388 2685 434 2739 die
453 2685 705 2754 autgenommeneu

143 2755 279 2826 lediglich
306 2756 494 2811 moralischen
520 2756 705 2811 Bestimmun-

143 2845 207 2898 gen,
226 2827 279 2882 wie
298 2828 391 2882 dneita
409 2829 428 2883 i.
448 2858 481 2866 -
500 2829 648 2894 redennto;
665 2845 714 2884 ee·-

143 2900 209 2953 teris
226 2900 361 2968 specimen
379 2904 433 2953 esto
452 2899 497 2967 (cf.
516 2904 532 2965 ξ
550 2900 610 2968 29);
629 2916 706 2969 qnae

144 2986 206 3024 enm
220 2971 327 3038 pepnlo
340 3000 375 3010 —
389 2971 496 3024 modica
514 2975 610 3036 saneim
628 2986 703 3026 cans.

138 3057 205 3109 pop.
225 3045 328 3107 taneta*
345 3041 440 3095 intere.
459 3041 542 3096 saint.
564 3041 632 3095 civis
651 3047 705 3096 estc

759 2492 846 2530 scnen
868 2477 918 2530 das
942 2476 1059 2533 Wesen,
1074 2473 1124 2528 des
1149 2473 1261 2529 Staates
1283 2501 1310 2512 -

758 2546 805 2600 die
823 2548 877 2600 Art
894 2545 944 2601 der
963 2545 1137 2614 Verfassuug
1154 2545 1234 2615 liegt.

795 2616 932 2686 Quaeres
950 2633 988 2672 se.
1008 2633 1091 2685 comp.
1111 2632 1183 2686 map.

794 2688 893 2742 moder.
913 2703 964 2745 am.
977 2687 1193 2756 besonnensten,
1212 2686 1310 2757 eigeut

758 2757 816 2812 lich
835 2757 864 2812 iu
882 2761 1032 2828 gensuster
1046 2757 1313 2826 Berticksichtiguug

760 2829 809 2883 des
828 2828 968 2899 richtigen
982 2829 1200 2898 Ve‘rhaltnisses,
1214 2829 1263 2883 der
1277 2828 1325 2882 iu·-

760 2916 846 2954 neren
864 2900 1024 2965 Harmonia.

794 2987 851 3024 non
879 2973 958 3026 niodo
985 2971 1175 3041 geschweig03
1203 2987 1234 3025 so
1264 2984 1311 3024 nur

757 3042 831 3095 nach
854 3042 1016 3112 negativam
1035 3042 1114 3110 Sata,
1138 3042 1192 3096 wie
1211 3041 1272 3095 Diu.
1289 3045 1310 3094 2.

143 3112 188 3180 (cf.
208 3116 223 3176 ξ
242 3113 298 3179 43).

176 3183 243 3235 haee
274 3187 330 3248 est,
363 3196 445 3250 qnam
477 3182 705 3249 temperationem,

142 3251 305 3305 Attraction
328 3277 362 3296 =
384 3253 452 3306 haee
474 3256 513 3305 est
537 3254 704 3320 temperatio,

144 3338 226 3390 qaam
235 3339 257 3376 s.
272 3339 306 3375 au
315 3322 389 3376 Lat.
402 3323 468 3376 haee
477 3323 498 3375 t.
511 3339 548 3378 sc.
558 3324 704 3392 mepistra·

142 3398 220 3446 taam
239 3393 392 3461 descriptio.
758 3426 791 3434 -
814 3401 847 3448 nt
864 3396 994 3464 disputes.
1013 3395 1170 3462 ,Debebatr
1201 3395 1311 3450 reddes

178 3463 274 3534 Scipio
292 3464 500 3532 initialibus,
520 3465 703 3533 s.l.15;20;
756 3467 853 3520 nobis
871 3482 1005 3533 canses,
1028 3467 1154 3536 quibas
1177 3467 1312 3521 maxine

143 3535 239 3590 lias.
752 3538 891 3605 placeat
934 3538 1002 3591 ista
1045 3539 1251 3606 descriptio;
1287 3538 1312 3590 at

141 3605 704 3732 ..strenapancratiaste
757 3608 1313 3746 teneraetenerae

144 3750 276 3817 strengen
295 3748 380 3802 Sinna
403 3764 492 3818 mapp.
517 3751 642 3818 genannt
668 3767 703 3802 w.
757 3695 838 3819 quiesi
860 3754 924 3804 ante
946 3766 1003 3805 non
1025 3751 1145 3805 reddes
1168 3752 1248 3806 nobis
1272 3718 1312 3804 sed

143 3818 277 3886 konnten,
296 3819 360 3872 weil
378 3819 536 3874 nichtvom
550 3818 642 3874 Velie
663 3836 703 3874 er·
757 3822 865 3887 facies
906 3822 1055 3891 posuisset,
1092 3822 1312 3890 quemadmodum

142 3888 240 3956 wahlt,
254 3888 307 3942 wic
321 3906 392 3958 nep.
411 3891 541 3959 equitnm,
553 3892 705 3958 proconsul
757 3893 838 3945 etiam
867 3893 987 3947 Marsas
1016 3909 1072 3947 non
1104 3893 1243 3947 reddam
1272 3889 1314 3947 sed

142 3961 194 4013 etc.
215 3958 324 4028 <vg1.L.
340 3960 361 4013 1.
376 3965 441 4027 5003
456 3965 523 4027 ⁶373
543 3961 615 4035 556),
630 3961 703 4015 auch
756 3963 882 4029 faciam
916 3964 1089 4032 respondem
1143 3962 1227 4018 Vahl.
1278 3963 1314 4016 Zu

143 4030 219 4085 wohl
239 4030 324 4084 Senat
342 4028 400 4082 und
418 4030 557 4085 Comitien
574 4033 628 4085 mrt
646 4032 702 4085 ein·
756 4034 840 4088 reddo
859 4034 893 4090 cf.
911 4034 946 4101 Il.
965 4040 1009 4088 34.

142 4101 282 4171 begritfen
300 4100 422 4155 werden.
459 4101 591 4154 Praesam
614 4103 702 4157 absol.
792 4105 938 4174 descriptio
966 4104 1178 4175 Orgauisation,
1207 4104 1314 4160 Verius·

142 4173 195 4227 wie
210 4178 225 4239 9
241 4180 256 4227 2
271 4178 302 4227 nt
314 4173 427 4242 praesit.
456 4170 703 4244 DieVerbindung
757 4192 828 4246 sung
846 4175 881 4230 cf.
901 4181 924 4230 5.

142 4244 229 4326 iisqne
243 4274 277 4284 -
291 4244 419 4327 praesint
436 4242 550 4313 (Seeger
568 4242 702 4328 Uetera),
792 4249 948 4331 quaesitam,
962 4248 1051 4330 secde
1068 4263 1105 4304 eo.
1271 4320 1277 4332 ο

143 4331 196 4368 wre
213 4316 312 4370 honore
337 4314 397 4368 Lrv.
424 4320 449 4372 4.
469 4321 494 4370 8.
513 4320 543 4381 53
562 4316 703 4371 doetrinae
792 4335 824 4371 in
847 4319 903 4373 stirs
926 4320 1005 4374 tebras
1024 4335 1061 4373 sc.
1086 4319 1119 4374 de
1141 4334 1171 4373 re
1192 4319 1315 4389 patinea,

761 3117 824 3180 ¹133
843 3112 921 3167 Fam.
940 3113 961 3166 I.
981 3119 1005 3167 9.
1025 3119 1070 3182 21,
1087 3112 1169 3166 mehr
1187 3112 1235 3167 bei
1254 3111 1312 3166 Gir.

758 3183 816 3236 und
841 3183 940 3238 Feldh.
986 3184 1051 3253 Vgl.
1078 3183 1195 3237 Haacke
1223 3183 1262 3238 St.
1285 3182 1310 3237 h.

758 3257 774 3318 l
793 3258 872 3389 {2ss
898 3323 1006 3379 Reddas
1017 3325 1093 3378 -de
1111 3324 1312 3396 mapistratitur
