2730 4710
403 176 471 230 LlB.
490 177 510 234 I.
540 175 618 232 CAP.
638 181 663 230 4.
683 181 707 230 5.
736 181 751 242 9
772 181 884 231 14-17.

10 342 31 401 nt
67 332 135 398 dum
161 335 328 420 describit,
361 336 413 401 die
443 337 478 401 in
510 337 704 421 cupressetis
736 335 933 401 Gnosiorum
966 340 999 401 et
1031 337 1146 419 spatiis
1179 337 1232 401 sil-

10 444 32 488 u.
71 425 227 507 rostribus,
250 425 363 489 crebro
386 425 550 508 insistens,
572 425 734 490 interdum
758 424 981 508 adquiescens,
1010 425 1048 488 de
1071 425 1231 490 institutis

10 538 15 575 ι
74 513 390 595 rerumpublicarum
418 536 456 579 ac
484 514 523 578 de
552 514 685 596 optimis
713 514 842 597 legibus
876 513 1067 596 disputavit,
1097 514 1144 577 sic
1171 535 1232 579 nos

10 608 35 665 ul
78 597 145 664 inter
160 600 219 665 hus
238 601 481 684 procerissimus
506 603 645 686 populos
667 602 703 665 in
726 601 820 666 viridi
844 622 1007 685 opacaque
1034 602 1107 684 ripa
1129 602 1231 666 inam·

80 685 220 772 bulentes,
253 693 323 753 tum
359 693 468 754 autem
500 690 677 755 residentes
710 711 902 774 quaeramus
933 689 1036 754 isdem
1069 689 1106 752 de
1134 691 1231 755 rebus

12 777 19 788 '
83 773 179 860 aliquid
201 777 333 842 uberius
357 800 455 862 quam
477 779 617 843 forensis
641 800 718 843 usus
742 777 926 842 desiderat?
975 778 1025 842 16.
1048 778 1135 842 Ars.
1158 778 1230 861 Ego

11 886 33 927 n
84 883 139 943 uero
158 865 221 929 iste
245 865 356 930 audire
380 867 484 949 cupio.
529 866 573 931 M.
592 866 674 942 Quid
694 867 742 930 ait
761 865 923 941 Quintus?
956 865 993 943 Q.
1016 864 1116 931 Nulla
1135 865 1173 929 de
1195 887 1230 930 re

28 972 52 999 ··
85 953 172 1037 nugis.
215 952 260 1018 M.
289 952 335 1017 Et
361 959 447 1019 recte
476 955 615 1038 quidem.
663 952 749 1018 Nam
778 954 823 1018 sio
850 953 1018 1037 habetote,
1046 954 1074 1016 si
1101 955 1168 1017 ullo
1197 954 1231 1018 in

84 1057 172 1120 genere
185 1041 382 1126 disputandi,
396 1042 430 1106 in
443 1043 506 1108 hoc
524 1043 588 1106 iste
606 1042 764 1127 patefieri,
778 1043 854 1126 quid
872 1042 917 1106 sit
930 1042 1054 1106 homini
1070 1065 1089 1106 e
1108 1046 1226 1106 natura

10 1145 29 1199 u
85 1127 224 1213 uturum,
248 1133 402 1214 quantam
421 1132 488 1194 vim
510 1130 620 1196 rerum
639 1131 834 1214 optimarum
857 1151 949 1195 mens
969 1130 1110 1195 humana
1129 1131 1230 1194 conti-

10 1218 28 1273 ιι
84 1219 145 1301 nect
165 1219 253 1282 cuius
273 1220 414 1283 muneris
433 1220 559 1285 colendi
577 1218 800 1302 efficiendique
819 1238 916 1282 causa
933 1219 1004 1282 nati
1023 1223 1056 1281 et
1074 1219 1109 1282 in
1125 1219 1231 1283 lucem
1305 1275 1307 1280 .

10 1294 28 1351 ’θ’
85 1302 142 1368 editi
162 1307 272 1389 simus,
296 1328 378 1391 quae
402 1308 446 1371 sit
468 1308 652 1373 coniunctio
671 1307 848 1388 hominum,
866 1328 948 1391 quae
965 1307 1126 1372 naturalis
1150 1307 1231 1371 soci-

10 1445 27 1480 n
84 1392 135 1456 etus
153 1394 238 1458 inter
259 1395 358 1479 ipsos.
403 1394 464 1459 His
488 1397 573 1461 enim
597 1394 765 1479 explicetis
789 1394 863 1458 fons
886 1393 996 1480 legum
1024 1397 1057 1458 et
1083 1394 1163 1459 iuris
1186 1395 1231 1457 in·

10 1500 27 1552 u
83 1480 161 1546 renni
173 1485 292 1565 potest.
322 1484 371 1548 17.
387 1483 471 1548 Ars.
490 1483 567 1549 Non
582 1504 659 1568 ergo
680 1506 699 1548 a
717 1483 877 1566 praetoris
898 1483 1013 1563 edicto,
1031 1487 1068 1546 ul
1085 1483 1232 1566 plerique

10 1584 27 1691 a·
80 1583 153 1654 nnnc,
168 1592 275 1653 neque
294 1594 313 1635 a
332 1589 385 1635 xn
403 1572 537 1655 tabulis,
554 1576 593 1636 ul
616 1573 806 1654 superiores,
829 1574 880 1635 set
899 1571 1028 1654 penitus
1055 1593 1094 1635 ex
1117 1572 1234 1655 intima
1293 1593 1301 1602 ‘

10 1709 24 1760 ,d
76 1640 268 1742 philosophis
285 1659 498 1724 hauriendum
517 1660 596 1724 iuris
616 1660 822 1743 disciplinam
841 1663 946 1742 putas.
988 1659 1032 1723 M.
1052 1658 1127 1724 Non
1147 1662 1233 1725 enim

10 1795 22 1841 r
77 1741 299 1838 idquaerimus
322 1747 384 1812 hoc
408 1770 565 1832 sermone,
588 1747 759 1832 Pomponi,
783 1769 878 1831 quem
902 1746 1097 1812 admodum
1121 1770 1232 1813 cavea·

10 1861 20 1899 ι
74 1805 132 1898 lus
166 1835 200 1899 in
236 1835 306 1900 iure
338 1839 396 1900 eut
426 1837 502 1919 quid
533 1838 571 1900 de
604 1856 729 1921 quaque
762 1836 1000 1900 consultatione
1038 1837 1233 1919 respondea-

10 1916 41 1971 l·
68 1935 140 1988 =mus.
185 1920 324 1988 sitista
346 1945 398 1988 res
426 1945 559 2009 magne,
588 1925 672 1988 sicut
694 1928 757 2006 est,
787 1945 868 2007 quae
892 1924 1055 2008 quendem
1080 1925 1231 1989 simultis
1262 1959 1265 1963 ⁴

12 1998 18 2027 '
70 2009 162 2076 cleris
190 2010 285 2094 viris,
322 2034 408 2077 nunc
449 2013 491 2077 ab
527 2035 592 2078 uno
629 2034 755 2076 summa
791 2011 986 2076 auctoritate
1027 2015 1060 2076 et
1096 2013 1233 2078 scientia

42 2139 47 2148 ·
65 2090 245 2181 sustinetur,
268 2104 319 2165 set
347 2100 442 2166 nobis
465 2101 513 2165 ite
535 2100 778 2185 complectenda
796 2100 830 2164 in
848 2099 910 2165 hac
928 2100 1146 2184 disputatione
1160 2105 1232 2167 tota

94 2278 109 2340 5
126 2278 167 2327 16.
192 2273 359 2341 disputandi
371 2273 422 2328 der
430 2272 620 2343 Philosophie,
673 2272 1020 2342 wichtigeRechtsquelle,
1035 2273 1085 2328 des
1095 2273 1231 2329 Gewohn·

60 2342 162 2398 ebsnso
186 2343 261 2397 tunc
279 2345 384 2398 civilem
401 2345 434 2399 irs
451 2345 620 2412 disputando
673 2343 839 2409 heitsrecht‚
864 2342 933 2396 wird
959 2344 1020 2398 hier
1042 2344 1231 2414 libergsngen.

57 2415 146 2469 locum
165 2415 232 2483 Leg.
253 2420 277 2470 3.
299 2420 341 2470 14.
708 2429 765 2467 noe
783 2414 855 2467 enim
873 2413 929 2482 vgl.
949 2419 964 2478 ς
984 2419 1009 2467 5.

93 2489 172 2551 917.
209 2486 377 2553 aproctors's
395 2487 489 2541 edicto.
522 2484 620 2539 Neben
709 2500 803 2537 cocere
816 2485 942 2554 (07512)
957 2483 1045 2539 heisst
1059 2485 1104 2540 ein
1113 2486 1232 2542 Rechts-

55 2555 111 2610 ¹den
128 2555 267 2610 Gesetsen
280 2555 342 2624 gall
356 2556 398 2609 els
413 2555 474 2611 eine
487 2556 620 2625 wichtige
674 2554 801 2623 geschuft
831 2554 986 2624 vorsiehtig
1012 2556 1070 2610 und
1099 2557 1153 2612 mit
1177 2559 1231 2612 deu

55 2626 157 2692 Quelle
171 2626 221 2680 des
234 2631 304 2680 rdm.
319 2626 425 2681 Reohts
439 2627 489 2680 des
503 2627 621 2681 edictum
673 2624 809 2694 ndthigen
841 2625 1121 2696 Sicherungsmitteln
1151 2629 1176 2682 d.
1203 2630 1230 2684 h.

48 2697 242 2766 praetorium,
267 2696 387 2750 welches
416 2715 468 2750 nur
495 2695 619 2751 dadurch
673 2698 799 2765 strenger
818 2696 1019 2768 Beobschtung
1037 2698 1086 2752 der
1104 2699 1232 2769 gultigen

55 2766 267 2822 Gesetneskreft
285 2767 412 2821 erhulten
426 2767 540 2834 konnte,
555 2768 620 2822 dass
672 2768 792 2822 Formen
810 2767 1006 2824 ebsehliessen.

55 2855 87 2894 es
105 2855 163 2893 von
181 2838 237 2891 den
261 2836 362 2892 immer
379 2837 530 2907 folgenden
553 2839 619 2892 Pro·
709 2839 743 2892 ab
758 2853 823 2890 urso
834 2838 986 2906 jedenfulls
996 2840 1047 2893 uuf
1053 2840 1106 2893 den
1117 2857 1232 2909 grossen

53 2912 138 2964 toren
151 2923 359 2977 ungenommen
372 2908 430 2961 und
440 2908 619 2963 beibehulten
672 2907 796 2963 Juristen
815 2906 897 2976 jener
915 2909 988 2975 Zeit,
1009 2909 1120 2964 Servius
1140 2911 1231 2980 Sulpi-

54 2978 152 3035 vurde
186 2979 317 3044 (edictum
349 2979 532 3046 tralaticium,
556 2996 619 3048 pcr-
673 2978 731 3033 cius
747 2976 839 3046 (Cone.
856 2981 901 3046 51)
924 2997 957 3032 zu
975 2979 1121 3048 beziehen,
1140 2998 1231 3051 gegen

51 3053 188 3119 passum).
231 3049 490 3103 Zuntchstdiente
514 3067 544 3104 es
567 3068 620 3104 nur
674 3050 729 3103 den
743 3047 798 3105 Cio.
814 3048 860 3103 die
870 3049 946 3104 Rede
960 3067 1011 3119 pro
1022 3051 1136 3105 Murena
1150 3053 1230 3122 hielt,

53 3121 141 3187 dnum
164 3117 212 3174 die
236 3119 426 3174 bestehenden
451 3119 568 3174 Gesetze
586 3138 619 3174 zu
674 3118 786 3174 obwohl
806 3136 835 3174 er
858 3124 935 3175 sonet
958 3121 1008 3174 suf
1030 3121 1231 3178 freundlichem

56 3191 188 3247 erkleren
201 3207 275 3260 resp.
290 3189 335 3244 die
353 3190 527 3245 besonderen
540 3191 619 3244 Folle
673 3191 760 3244 Fusse
774 3189 831 3243 und
845 3190 883 3244 im
894 3191 1091 3247 Briefwechsel
1106 3196 1159 3248 mit
1172 3194 1232 3248 ihm

55 3268 141 3316 unter
154 3260 299 3314 dieselben
317 3263 547 3328 unterzuordnen‚
562 3263 620 3315 An·
674 3261 765 3315 stand.
793 3260 868 3330 (Vgl.
887 3262 957 3316 iiber
974 3262 1025 3316 ihu
1047 3282 1082 3318 uu
1097 3265 1131 3321 H.
1150 3271 1184 3321 47
1204 3284 1231 3319 u.

56 3333 221 3401 weisnngen
231 3331 621 3400 zurAusfiihrungderselben
674 3331 754 3397 Boin,
773 3331 807 3385 R.
826 3331 897 3385 Civr.
916 3350 943 3401 p.
963 3335 1018 3403 66.)

55 3401 204 3528 ectu
220 3402 620 3527 ”cltultithrlldlitdl
674 3403 806 3526 silit
822 3404 1232 3530 liilltltmollpsifllth

55 3543 172 3612 gebung
185 3542 271 3597 theils
286 3561 321 3597 cn
334 3543 519 3611 modificiren,
533 3543 619 3598 theils
669 3545 777 3612 plectar
794 3544 827 3597 irs
843 3545 886 3597 his
911 3546 1004 3608 horim
1029 3546 1144 3599 thnlich
1167 3563 1231 3602 cors-

55 3632 91 3667 su
101 3612 250 3668 erveitern
259 3613 317 3666 und
326 3630 399 3667 nwar
412 3613 442 3667 in
451 3613 516 3667 dem
525 3613 619 3682 Sinne,
672 3615 756 3667 tinere
765 3615 797 3667 iu
806 3614 951 3668 enthelten
966 3616 1033 3682 sein,
1043 3616 1133 3670 neben
1146 3617 1231 3673 bloss.

58 3685 123 3739 dass
143 3701 173 3738 es
186 3684 241 3737 den
256 3683 354 3738 Geist
368 3684 417 3744 der
431 3682 547 3738 Gesetze
561 3686 619 3739 und
672 3682 886 3750 Abl.,wieVerr.
900 3685 933 3739 ΙΙ.
947 3691 996 3739 118
1006 3702 1065 3739 cum
1075 3688 1107 3740 s'u
1116 3703 1231 3743 commu-

55 3755 104 3810 die
113 3753 264 3824 Billiglreit
272 3756 519 3823 (acquumbouum)
527 3772 621 3824 gegen
673 3756 755 3808 uibus
764 3755 880 3808 iniuriis
893 3757 976 3810 tetius
986 3758 1147 3824 prouinciae
1156 3760 1231 3814 stee-

57 3825 112 3880 den
126 3825 620 3895 stettenBuchstabenzurGeltung
673 3827 717 3879 cii
730 3842 834 3895 quoquc
846 3842 932 3880 causa
943 3829 1133 3884 contineretur.
1160 3831 1231 3886 Dsss

57 3896 183 3952 brachie.
221 3894 264 3950 Im
288 3894 406 3965 (legens.
432 3914 466 3949 zu
485 3897 548 3950 dem
575 3898 620 3951 ius
674 3896 723 3949 der
741 3896 803 3950 Abl.
824 3897 1012 3954 nichtstehen
1032 3918 1131 3967 muse,
1151 3920 1231 3956 wsnn

56 3968 137 4021 civile
160 3966 200 4020 im
226 3981 331 4034 engern
354 3965 438 4021 Sinus
458 3997 491 4007 —
510 3967 566 4037 vgl.
586 3986 620 4020 zu
674 3967 850 4021 derlnhslt
864 3968 1232 4026 einesWerkesbeneichnet

57 4037 90 4090 11.
110 4042 145 4092 46
173 4066 208 4077 ·-
230 4037 288 4102 (ius
305 4039 443 4103 strictum)
464 4037 540 4092 hiess
568 4039 619 4092 des
674 4037 744 4090 wird
762 4038 880 4108 (Sipile,
899 4040 993 4094 Prskt.
1012 4042 1076 4094 Aul.
1095 4042 1115 4095 1.
1135 4048 1150 4107 ξ
1172 4048 1229 4096 146.

59 4108 163 4163 domm
180 4107 448 4177 hervorgegangene
468 4108 559 4162 Recht
575 4110 621 4162 ius
675 4114 689 4162 7
720 4111 762 4177 γ),
805 4109 943 4164 beweisen
985 4112 1058 4165 noch
1100 4112 1230 4180 folgende

58 4178 247 4234 madum.
675 4177 794 4232 Stellen:
807 4197 876 4248 quac
890 4183 922 4235 de
935 4183 1039 4248 optimc
1046 4199 1109 4250 rep.
1118 4184 1229 4236 sentire-

94 4248 147 4304 xl1
162 4247 217 4303 Tff.
237 4249 283 4302 die
296 4248 489 4318 Hauptquelle
507 4251 555 4305 dos
574 4266 620 4320 ge·
674 4265 747 4314 mus,
772 4252 804 4304 ic
834 4267 882 4305 sec
912 4253 991 4306 libris
1020 4257 1083 4304 ante
1108 4252 1231 4308 dicimus

59 4320 244 4375 sehriebenen
269 4319 380 4374 Rechts.
422 4320 492 4375 Eine
518 4320 620 4376 andere
674 4320 740 4389 Leg.
756 4327 780 4377 ³.
796 4327 825 4388 43
844 4324 942 4388 oratio,
961 4323 992 4375 iu
1010 4339 1065 4390 qua
1079 4326 1231 4380 audentes
