2730 4710
87 160 131 224 24
565 162 613 216 DE
632 162 787 218 LEGIBUS

84 323 233 387 >laborem
257 321 322 386 iam
346 323 400 386 diu
423 323 597 407 postulari,
628 322 743 388 Attice.
789 325 892 401 Quem
918 347 984 390 non
1006 345 1199 408 recusarem,
1233 327 1264 390 si
1290 366 1300 404 ,ι

88 410 169 474 mihi
200 411 303 474 ullum
331 411 527 475 bribueretur
559 433 696 476 vacuum
723 416 852 495 lempus
884 417 919 477 et
945 412 1093 477 liberum.
1147 413 1264 496 Neque
1309 460 1311 465 -

89 499 175 563 enim
198 502 355 581 occupata
379 520 477 582 opera
499 521 601 582 neque
629 500 775 584 inpedito
804 501 913 566 animo
940 522 992 565 res
1019 504 1113 565 lania
1140 502 1264 585 suscipi

89 589 206 670 polest.
246 585 426 670 Utrumque
446 609 527 671 opus
546 591 604 670 esi,
624 593 656 652 et
674 609 750 653 cura
768 610 884 654 vacare
903 592 937 653 ot
953 589 1096 674 negotio.
1128 590 1158 653 9.
1177 589 1267 654 Am.

89 674 195 755 Quid?
219 675 259 739 ad
277 680 393 758 cetera,
413 697 494 758 quae
513 675 675 759 scripsisli
691 677 787 759 plura
805 699 903 762 quam
916 676 1085 761 quisquam
1099 699 1117 742 e
1131 678 1268 760 nostris,

89 763 175 846 quod
201 763 264 827 tibi
290 763 422 828 tandem
450 768 577 847 tempus
605 785 742 829 vacuum
769 765 833 829 fuit
860 765 1068 830 conoessum?
1112 764 1155 830 M.
1180 763 1265 830 Sub·

92 851 195 916 siciva
218 852 375 935 quaedam
395 855 544 935 tempora
562 852 738 936 incurruni,
761 875 843 938 quae
861 873 922 939 ego
941 854 1046 936 perire
1063 875 1129 918 non
1147 855 1269 936 patior,

90 944 142 1022 ul,
171 939 199 1003 si
227 940 281 1022 qui
309 940 376 1003 dies
400 940 440 1004 ad
463 940 685 1005 rusticandum
710 941 779 1005 dati
803 942 877 1024 sinl,
900 940 942 1005 ad
960 962 1072 1006 eorum
1093 963 1267 1006 numerum

89 1027 377 1093 adcommodentur
409 1050 490 1112 quae
512 1029 702 1094 'scribimus
755 1029 903 1094 Historia
935 1051 1012 1094 vero
1044 1051 1103 1093 nec
1134 1031 1267 1094 instilui

89 1119 200 1201 potesl
221 1117 286 1179 nisi
308 1120 501 1200 praeparato
526 1117 593 1187 olio
612 1139 672 1180 neo
690 1118 807 1202 exiguo
827 1121 973 1201 lempore
992 1117 1128 1200 absolvi,
1151 1122 1267 1202 elego

91 1203 193 1268 animi
215 1204 355 1287 pendere
380 1205 478 1287 soleo,
501 1227 575 1269 cum
599 1205 699 1269 semel
722 1206 798 1288 quid
822 1227 914 1270 orsus
943 1228 1029 1286 sum,
1057 1206 1085 1269 si
1112 1206 1274 1271 traducor

91 1292 167 1376 alio,
188 1313 293 1376 neque
315 1297 384 1357 lam
407 1292 503 1357 facilc
525 1292 708 1377 interrupta
731 1298 867 1358 contexo
892 1315 988 1377 quam
1012 1293 1147 1358 absolvo
1172 1294 1269 1358 insti·

91 1384 175 1445 tuta.
232 1381 282 1444 10.
313 1379 400 1446 ΑΤΤ.
432 1379 647 1464 [legationem
686 1381 829 1465 aliquam
866 1382 1020 1446 nimirum
1057 1382 1122 1446 isba
1158 1381 1273 1445 oratio

91 1468 238 1552 postulal
270 1472 327 1532 aul
358 1469 425 1532 eius
458 1468 545 1532 modi
577 1469 763 1553 quampiam
795 1469 974 1534 cessionem
1001 1470 1137 1535 liberam
1167 1473 1271 1552 atque

92 1557 242 1621 otiosam.
290 1555 334 1621 M.
361 1555 434 1641 Ego
463 1578 539 1621 vero
568 1558 685 1621 aetatis
717 1558 825 1641 podius
858 1558 1022 1622 vacationi
1054 1558 1274 1639 confidebam,

93 1666 166 1709 eum
190 1645 383 1727 praesertim
406 1666 473 1709 non
495 1666 677 1708 recusarem
696 1666 758 1729 quo
783 1647 888 1709 minus
912 1667 1002 1710 more
1019 1646 1127 1729 patrio
1152 1645 1272 1709 sedens

92 1732 127 1797 in
156 1734 238 1798 solio
268 1733 508 1797 consulentibus
536 1734 764 1817 responderem
793 1735 1031 1818 senectutisque
1057 1756 1125 1798 non
1151 1734 1272 1797 inertis

93 1825 189 1907 gralo
214 1824 311 1905 abque
334 1821 472 1885 honesto
495 1821 648 1904 fungerer
671 1843 811 1887 munere.
859 1821 911 1886 Sic
937 1823 1022 1886 enim
1049 1822 1130 1886 mibi
1153 1821 1275 1886 liceret.

128 1994 246 2036 vacuum
272 1983 350 2045 teanp.
374 1993 395 2032 e.
419 1948 486 2031 lib.¹
524 1975 654 2032 Diesclbe
708 1977 860 2032 Senatoren
892 1977 935 2031 oft
972 1977 1132 2046 beigelegte
1163 1975 1271 2046 Eigen—

93 2047 279 2117 Verbindung
306 2047 332 2100 d.
357 2046 403 2101 Or.
427 2054 451 2103 3.
471 2052 518 2113 oh
542 2047 603 2101 Fai.
623 2053 652 2114 23
708 2048 812 2114 anhalt,
831 2048 861 2101 in
879 2047 929 2102 der
947 2047 986 2103 sie
1009 2049 1092 2102 unber
1110 2047 1173 2101 dem
1192 2047 1273 2101 Titcl

94 2118 180 2172 allcin
203 2119 318 2172 liberam
348 2122 426 2186 temp.
454 2117 550 2173 Rabir.
575 2118 652 2187 perd.
707 2119 783 2173 eines
798 2119 923 2188 Legalen
937 2120 1010 2173 ohne
1025 2118 1160 2172 amblichc
1176 2117 1271 2171 Wirk·

96 2195 129 2242 1⁷
141 2188 294 2255 (diesclben
305 2188 412 2242 Stellen
426 2188 574 2254 beweisen,
589 2188 653 2243 dass
707 2188 828 2244 samkeit
840 2189 898 2243 und
910 2189 1074 2243 Vollmachb
1086 2188 1116 2242 in
1132 2188 1187 2241 den
1200 2187 1272 2242 Pro·

95 2258 162 2313 lrein
194 2258 378 2313 Untersohied
411 2259 461 2312 der
488 2257 653 2329 Bedeuiung
706 2259 807 2314 vincon
830 2260 971 2313 austraten
994 2259 1048 2313 mil
1075 2259 1139 2312 dem
1159 2259 1272 2312 Reohle

94 2329 233 2384 awischen
250 2328 352 2383 beiden
370 2330 501 2384 Wbrlern
519 2329 575 2395 ist).
707 2329 757 2383 auf
763 2330 832 2384 freie
843 2329 1026 2400 Bewirthung
1039 2330 1270 2397 undTransporl.

130 2417 199 2455 cura
215 2417 315 2455 vacare
333 2404 357 2454 et
373 2401 479 2469 nepolio
498 2400 654 2469 antapricht
706 2400 786 2453 Doch
813 2400 925 2454 bezieht
951 2401 1014 2454 sich
1042 2400 1092 2454 der
1120 2399 1275 2452 Ausdruclr

95 2470 125 2525 in
157 2471 318 2526 chiaslisob.
353 2469 430 2524 Stell.
465 2471 529 2524 dem
561 2487 653 2540 occup.
707 2472 776 2525 liber
789 2470 1021 2525 wabrscheinlioh
1035 2470 1086 2523 auf
1103 2470 1153 2524 das
1168 2469 1274 2538 Recht,

95 2557 178 2610 opera
195 2541 253 2594 und
271 2542 372 2609 imped.
386 2558 431 2595 aa.
452 2541 497 2609 (of.
518 2546 533 2604 ξ
553 2544 589 2607 6).
708 2540 768 2595 sich
786 2541 895 2595 iiberall
912 2541 962 2595 hin
981 2559 1015 2594 zu
1033 2541 1183 2609 benageni,
1201 2540 1272 2594 wel-

132 2616 186 2676 §9-
205 2612 272 2680 quid
282 2612 334 2664 tica·
347 2611 471 2674 tandem
490 2612 567 2664 tund.
582 2611 656 2682 solgt
709 2612 773 2666 ches
792 2611 936 2666 wirkliche
955 2611 1043 2682 legati
1061 2611 1140 2665 nicht
1157 2610 1271 2665 hatten.

96 2682 230 2736 meisbens
254 2681 436 2735 unmiltelbar
468 2681 531 2736 dem
553 2681 655 2750 Frage·
708 2681 776 2736 Also
802 2681 846 2747 ¹im
872 2682 1080 2736 Wesentlichen
1109 2680 1198 2736 soviel
1228 2681 1273 2736 als

95 2753 175 2808 word.
208 2752 343 2821 Dagegen
357 2752 425 2821 Rep.
441 2752 488 2806 ΙΙΙ.
509 2757 557 2816 483
589 2753 654 2806 Nat.
709 2752 875 2823 aeilweiligc
898 2751 1193 2823 Zun‘iolrgeaogenheib
1211 2768 1271 2806 von

97 2823 123 2876 d.
142 2823 163 2878 I.
189 2827 252 2888 10ος
278 2823 342 2877 Ver.
367 2821 401 2878 V.
413 2827 469 2888 543
491 2823 528 2876 ib.
550 2828 608 2877 172.
628 2840 655 2891 p.
711 2823 962 2892 Amtsgcsehbften.

98 2893 154 2948 Sul.
171 2899 217 2960 8ος
237 2893 317 2948 Roso.
338 2892 412 2948 Com.
432 2893 562 2962 dreimal,
581 2898 611 2958 ἐς
631 2900 656 2960 8,
745 2895 929 2960 confidebam
947 2893 1094 2949 n'aml.ehe
1107 2892 1154 2946 ich
1169 2893 1275 2948 deinen

98 2971 140 3033 19,
160 2970 208 3033 39,
227 2965 294 3033 quid
311 2965 337 3018 ai
349 2965 471 3030 tandem
490 2964 552 3019 Div.
572 2970 596 3018 2.
612 2970 655 3018 46.
709 2964 878 3034 Vorschlag‚
904 2964 965 3019 eine
987 2964 1093 3033 legatio
1119 2963 1211 3018 libera
1236 2982 1272 3018 zu

133 3037 204 3090 subs.
219 3033 345 3102 (Herleib
355 3035 386 3089 in
395 3034 479 3088 Klotz
488 3035 566 3101 Lex.)
576 3035 656 3088 liber·
709 3034 872 3101 bekleiden,
889 3052 1077 3090 vernommen.

97 3107 255 3176 sohfissige,
273 3121 328 3160 von
350 3105 405 3158 den
424 3104 595 3160 Gesohafcen
613 3121 655 3158 er·
744 3106 843 3159 solium
861 3106 911 3160 der
925 3105 1102 3160 Ehrensessel
1120 3104 1170 3158 des
1188 3107 1282 3173 pater

96 3175 208 3258 iibrigie
228 3177 258 3229 Z.
278 3200 312 3220 =
330 3174 557 3229 Nebensbunden.
709 3175 841 3243 familias,
856 3177 907 3230 auf
917 3177 1053 3229 walchem
1069 3175 1141 3230 auch
1155 3175 1205 3228 der
1219 3193 1272 3245 pa·

133 3251 219 3300 aarum
233 3249 339 3314 (oppos.
352 3244 453 3301 subsio.
468 3247 500 3314 b.)
514 3245 656 3300 dauemde
709 3249 806 3302 tronus
817 3247 871 3301 den
879 3245 1127 3315 ihnbesragenden
1136 3245 1276 3301 Klicnten

97 3315 369 3372 Gcschaltsfreiheib.
710 3315 965 3371 Recbbsbesoheidc
994 3315 1124 3370 erlheilte
1156 3316 1194 3384 (d.
1225 3315 1279 3373 Or.

129 3387 247 3456 pendere
260 3387 289 3440 in
303 3385 353 3439 der
367 3385 501 3440 Schwebc
515 3385 583 3454 sein,
597 3386 656 3441 kei·
710 3388 758 3441 ΠΙ.
773 3390 843 3454 133).
867 3387 965 3441 Dieser
974 3387 1073 3442 Diensl
1083 3389 1150 3441 aber
1164 3386 1272 3456 pdegbe

99 3475 154 3515 nen
167 3455 339 3525 Ruhepunkb
351 3456 457 3524 finden,
471 3457 533 3512 hier
545 3458 575 3510 in
589 3457 656 3511 Aul·
709 3460 769 3513 ersi
778 3458 851 3512 nach
858 3458 923 3512 dem
933 3465 974 3514 60,
985 3457 1182 3527 Lebensjahre,
1197 3459 1277 3513 nach

96 3527 656 3669 coarceredunello·
710 3526 1276 3668 ern{caeruleaque

434 3639 440 3652 .
479 3639 484 3651 .
545 3639 551 3665 ‚
650 3640 656 3653 .

97 3677 121 3726 8.
142 3676 167 3725 5.
186 3676 215 3737 23
241 3669 280 3723 ib.
306 3675 345 3725 11.
368 3675 408 3724 12.
432 3675 461 3733 13
483 3669 522 3724 ib.
551 3675 592 3724 16.
617 3675 658 3724 12.
713 3669 747 3724 R.
766 3669 887 3722 Alterbh.
915 3670 936 3723 I.
970 3675 984 3734 ξ
1008 3674 1050 3723 60.
1081 3685 1108 3736 p.
1136 3672 1276 3737 eoo-51)

96 3740 169 3809 (Liv.
184 3740 325 3795 erweilerl
337 3739 433 3794 diesen
450 3738 596 3794 Gebrauch
611 3740 659 3794 des
713 3740 853 3808 ausgedbt
874 3756 909 3793 zu
934 3738 1058 3807 werden,
1077 3738 1164 3792 daher
1182 3743 1277 3793 meto·

101 3809 194 3867 (lenit.
214 3810 271 3863 und
289 3810 437 3879 verbindcl
449 3811 539 3864 animi
551 3815 665 3879 stupere.
714 3808 1092 3878 nymischerAusdruckfur:
1111 3809 1278 3863 ehrenvollo

98 3888 123 3936 θ.
146 3887 188 3936 36.
204 3886 233 3945 8;
252 3881 364 3934 terrim
382 3881 471 3935 ammi
489 3887 512 3935 7.
528 3886 571 3935 34.
582 3886 603 3932 4
614 3883 658 3949 -)
714 3880 806 3934 Musae
829 3880 863 3934 cl.
883 3880 909 3934 d.
931 3879 976 3934 Or.
996 3887 1021 3932 2.
1042 3885 1092 3933 143
1116 3895 1176 3933 cam
1195 3895 1223 3933 ac
1241 3880 1278 3934 dc

134 3956 247 4005 conloco
266 3948 343 4020 eigbl.
359 3951 452 4015 telonia
471 3951 523 4005 wir
539 3950 569 4004 in
587 3950 658 4004 bh!-
714 3952 797 4005 turba
810 3955 835 4004 et
848 3951 1009 4004 osubsellc‘is
1022 3952 1056 4004 in
1068 3950 1276 4003 otiumsolima·

98 4022 202 4077 lichem
211 4020 293 4076 Bilde
303 4019 406 4075 wieder
415 4020 658 4089 aufnchmcnfflen
713 4037 765 4090 quc
777 4022 928 4076 contulerit.
957 4020 1010 4075 Dic
1025 4019 1209 4090 Vereitclung
1223 4019 1279 4074 der

97 4093 212 4162 Faden).
713 4091 775 4147 hier
801 4093 982 4161 gebusserben
1010 4090 1152 4159 Hoffnung
1183 4089 1276 4145 durch

134 4169 203 4231 510.
228 4163 252 4229 lc
271 4162 328 4217 atio
341 4161 428 4218 libera
440 4162 527 4230 (deun
539 4161 659 4217 liberam
714 4161 759 4217 dic
779 4164 909 4232 spdbcren
926 4159 1096 4233 polibisohcn
1112 4160 1276 4231 Ereignissc

99 4235 242 4305 gehortau
248 4179 660 4302 deideuNominolbeaeiohneb
714 4233 785 4288 wird
799 4250 854 4289 von
869 4232 925 4289 Cic.
936 4232 978 4287 oft
991 4232 1117 4302 beklagl,
1130 4230 1184 4287 wie
1193 4232 1275 4286 Brut.

99 4304 167 4376 (ng
194 4304 243 4359 111.
272 4309 288 4358 9
316 4321 344 4361 u.
371 4303 484 4361 besond
513 4305 556 4373 18)
594 4303 658 4359 eine
714 4308 739 4358 8.
760 4303 811 4361 os
831 4303 878 4358 III.
897 4308 913 4370 ὅ
931 4309 1010 4357 2-3.
