2730 4710
422 160 489 216 ΠΒ.
509 159 543 214 II.
572 159 650 214 CAP.
670 166 694 216 7,
722 165 738 226 ἕ
758 166 871 215 16-18,
1169 159 1233 224 105

70 319 154 406 axio,
175 343 337 407 quamque
360 324 475 387 saneta
497 321 541 386 sit
563 322 703 387 societas
726 323 845 388 civium
868 323 953 387 inter
978 323 1067 406 ipsos
1095 323 1156 387 diis
1185 323 1231 389 in·

75 410 252 477 mortalibus
269 411 473 496 interpositis
490 413 561 475 tum
579 410 749 493 iudicibus,
766 415 836 476 tum
849 409 1010 476 testibus?
1028 410 1232 498 Habeslegis

78 499 274 577 prooemium:
298 500 344 564 sic
368 499 454 564 enirn
477 498 556 563 haec
580 500 724 583 appellat
745 499 849 565 Plato.
875 500 926 564 11.
948 497 985 574 Q.
1007 498 1122 565 Habeo
1146 522 1233 584 vero,

80 583 170 672 111111,
187 592 219 653 et
236 587 273 653 in
291 588 354 653 hoc
373 587 547 653 admodum
566 587 717 671 delector,
735 588 820 672 quod
837 589 873 652 in
887 588 961 653 aliis
979 589 1076 653 rebus
1095 589 1234 673 aliisque

83 676 227 743 sententiis
249 676 390 741 versaris
413 680 510 760 etque
533 675 597 740 ille.
641 675 735 741 Nihil
758 677 844 741 enim
867 680 935 741 tam
954 676 1110 741 dissimile
1134 689 1231 761 quain

10 772 28 845 ζ
85 763 123 827 rel
145 785 191 849 ea,
218 787 300 850 quae
330 769 404 829 ante
432 764 559 847 dixisti,
586 764 638 828 vel
667 765 730 829 hoo
753 765 861 848 ipsum
891 764 931 829 de
958 765 1025 829 deis
1053 765 1232 830 exordium.

10 860 27 899 ἒ
85 846 168 917 Unum
192 853 275 919 illud
299 853 378 917 mihi
408 851 528 919 videris
559 853 696 932 imitari,
729 854 887 918 orationis
910 873 1020 938 genus.
1066 853 1108 918 M.
1139 853 1231 918 Velle

84 935 205 1007 fortasse.
251 942 331 1019 Quis
361 942 447 1006 enim
476 940 510 1006 id
539 945 649 1024 potest
676 944 732 1007 aut
758 964 913 1026 umquam
942 942 1064 1026 poterit
1086 941 1232 1007 imitari?

9 1032 24 1075 ³
85 1021 149 1094 Nam
172 1031 347 1096 sententias
379 1030 587 1114 interpretari
617 1030 771 1114 perfacile
804 1034 866 1095 est:
899 1031 984 1115 quod
1013 1030 1142 1115 quidem
1170 1050 1231 1115 ego

10 1121 22 1161 ῑ
84 1110 211 1203 Morem,
232 1119 297 1186 nisi
319 1118 416 1204 plane
439 1140 510 1184 esse
532 1118 649 1183 vellem
671 1140 772 1184 meus.
818 1119 902 1196 Quid
926 1120 1013 1182 enim
1036 1119 1159 1205 negotii
1183 1122 1234 1184 est

10 1210 18 1249 ⁵
84 1203 173 1272 eadem
194 1229 296 1292 prope
319 1206 426 1273 verbis
449 1207 553 1270 isdem
571 1228 727 1272 conversa
749 1207 877 1272 dicere?
901 1206 938 1282 Q.
958 1207 1094 1273 Prorsus
1119 1207 1233 1272 adsen-

10 1310 17 1323 ·
82 1288 136 1387 tior.
175 1295 307 1380 Verum,
332 1299 370 1360 ut
392 1295 489 1361 modo
517 1297 588 1360 tute
615 1295 739 1379 dixisti,
762 1300 795 1359 te
819 1317 890 1360 esse
913 1296 1000 1360 malo
1023 1299 1124 1360 tuum.
1170 1294 1232 1360 Sed

81 1395 132 1445 lam
152 1405 314 1470 exprome,
343 1384 372 1448 si
394 1384 516 1468 placet,
538 1383 619 1448 istas
642 1384 730 1468 leges
753 1384 792 1447 de
815 1384 980 1467 religione.
1029 1385 1078 1449 18.
1102 1383 1145 1448 M.
1168 1383 1235 1448 Ex-

78 1483 204 1543 promam
227 1473 391 1557 equidem,
418 1476 456 1537 ut
484 1476 615 1556 potero,
642 1476 676 1536 et
704 1472 857 1556 quoniam
886 1477 919 1537 et
948 1474 1038 1538 locus
1067 1476 1099 1537 et
1125 1493 1234 1537 sermo

78 1549 230 1628 familiaris
249 1565 309 1646 est,
327 1560 437 1646 legum
456 1560 546 1645 leges
564 1582 849 1649 VQQQQQ
874 1560 910 1637 Q.
930 1560 1090 1637 Quidnam
1109 1561 1142 1625 id
1161 1560 1233 1625 est?

74 1632 111 1707 Μ.
131 1645 208 1716 Sunt
231 1653 321 1716 certa
343 1650 452 1735 legum
472 1649 580 1734 verbs,
599 1648 726 1733 Quinte,
745 1671 849 1735 neque
868 1649 916 1714 ita
933 1650 1050 1734 prisca,
1070 1651 1159 1715 utin
1182 1672 1234 1714 vc·

69 1830 116 1903 ⁶4;
138 1840 200 1897 Nat.
227 1841 253 1897 d.
277 1842 298 1896 I.
322 1847 446 1896 ol-oo.
483 1841 550 1895 Man
573 1842 620 1895 be-
673 1859 724 1910 que
759 1858 826 1897 suus
861 1848 908 1896 est.
969 1841 1025 1897 Das
1067 1841 1234 1911 Gegentheil

64 1908 304 1967 merulensis
322 1912 397 1967 allen
416 1912 447 1966 in
465 1910 532 1966 dies.
553 1910 618 1981 Cap.
674 1914 781 1967 alienus
798 1913 835 1969 ib.
855 1913 876 1968 1.
896 1918 938 1967 11.

65 1979 283 2053 vorgeoogenen
307 1983 408 2038 Sataen
431 1983 486 2037 den
512 1981 620 2052 Gegen·
709 1989 786 2048 118.
832 1983 983 2050 familiaris
1009 1981 1055 2036 fiir
1083 1980 1234 2036 Vertraute

58 2049 122 2104 *su
137 2070 197 2108 aum
214 2052 433 2124 Epikureismus.
674 2054 731 2109 und
745 2054 872 2109 Freunde
891 2053 1038 2108 bestimmt
1051 2052 1232 2120 (vertraulich

102 2122 234 2180 Munus
259 2155 293 2165 -
317 2126 437 2180 11111111.
474 2124 619 2179 Letzteres
673 2127 782 2194 sumo),
815 2125 857 2179 als
889 2126 925 2179 ob
953 2125 1026 2179 auch
1057 2124 1103 2178 die
1130 2122 1235 2178 Schrift

55 2171 136 2247 heim
149 2194 302 2250 Absohlnss
316 2211 372 2251 von
386 2194 552 2267 Vertragen,
562 2195 619 2249 Ab·
674 2196 766 2251 selber
775 2195 822 2249 fur
836 2195 911 2251 diese
925 2213 978 2249 nur
992 2194 1137 2250 bestimmt
1149 2198 1232 2249 utre.

53 2243 181 2336 lesing
193 2282 250 2321 ron
264 2266 423 2334 Schwdren,
439 2267 557 2321 ersteres
572 2264 618 2320 bei
671 2267 748 2321 Aber
763 2265 819 2322 Cio.
838 2267 934 2320 maoht
952 2266 1028 2320 diese
1044 2265 1234 2335 Bemerkung,

51 2315 243 2406 bomupuaer
278 2335 509 2406 Niohtorfi‘illung
546 2352 617 2406 resp.
672 2355 718 2391 um
739 2336 827 2390 durch
850 2336 926 2391 disse
949 2334 1156 2406 Nachahmnng
1182 2335 1231 2389 der

52 2387 384 2478 Wahrheitswidriglxeit
402 2408 558 2463 darselben.
672 2406 904 2478 publicistisohcn
937 2406 1060 2476 Sprache
1092 2406 1121 2460 in
1157 2405 1234 2460 einer

95 2482 165 2543 517.
198 2480 230 2533 iu
247 2479 297 2534 1ο(
316 2480 387 2533 nach
406 2477 544 2548 Analogia
563 2494 619 2533 von
672 2477 1232 2548 philosophisohenSchriftnichtlacher·

51 2548 169 2618 Olorior,
187 2549 283 2617 laetor,
301 2550 426 2604 embcsco
440 2549 470 2617 (I.
487 2551 533 2617 41)
551 2567 577 2602 u.
593 2565 618 2603 a.
672 2550 729 2604 lioh
749 2566 783 2603 an
803 2549 972 2604 erscheinen.

55 2618 257 2676 emansor.
265 2618 524 2686 arduennensi
541 2619 620 2674 nicht
709 2621 796 2691 lepum
815 2621 883 2691 lepos
906 2621 1068 2745 gradante,
1087 2614 1234 2674 κολάπτω-

57 2703 107 2745 znr
123 2690 320 2761 Beaeiohnung
338 2691 388 2746 der
402 2691 536 2758 Ursache,
554 2707 617 2745 son·
671 2693 731 2761 τον)
750 2690 780 2745 in
798 2692 888 2746 dieser
926 2691 1044 2761 tellnng,
1071 2709 1118 2744 um
1138 2692 1234 2760 lesum,

56 2758 124 2817 dern
143 2761 192 2816 dea
216 2761 396 2829 Umstandes,
419 2761 466 2817 bei
488 2762 552 2815 dem
571 2760 618 2815 die
672 2762 793 2817 welches
812 2762 862 2817 das
880 2768 1008 2831 grossam
1027 2760 1155 2816 Gewioht
1172 2762 1233 2828 hat,

57 2829 165 2887 Frende
180 2831 345 2889 hervortxitt
358 2850 430 2902 resp.
445 2849 494 2886 um
509 2833 563 2886 den
578 2832 618 2886 sie
672 2833 908 2888 hervorauheben.
930 2832 1011 2886 Mehr
1020 2832 1131 2903 Beispp.
1142 2832 1233 2887 dieses

29 2936 32 2943 ·
59 2903 117 2958 sich
135 2901 229 2971 droht,
247 2919 277 2958 so
295 2903 372 2957 Fam.
391 2903 439 2958 VI.
458 2909 483 2957 4.
503 2909 533 2970 43
557 2902 617 2957 rin.
672 2904 857 2973 Hyperbaton
876 2902 975 2957 Feldh.
995 2921 1030 2969 zu
1048 2903 1081 2956 11.
1097 2909 1123 2968 9,
1141 2903 1233 2956 fernen

58 2973 78 3027 1.
96 2979 142 3042 19,
160 2973 234 3028 daun
250 2974 344 3029 Modo.
672 2973 738 3029 Nat.
758 2974 784 3028 d.
802 2979 877 3029 3.19
897 2974 931 3028 ab
950 2974 1002 3028 hoo
1019 2990 1051 3029 ea
1070 2975 1235 3042 quaestione,

94 3044 180 3100 Nolorl
197 3050 254 3099 tum
272 3046 336 3100 dica
357 3045 391 3100 cf.
410 3045 430 3098 1.
451 3049 493 3099 18.
674 3062 743 3114 quoe
760 3061 837 3099 nunc
854 3046 887 3098 ia
900 3045 1028 3099 monibus
1042 3050 1089 3110 est,
1101 3061 1233 3112 separan-

94 3114 171 3171 Vellc
182 3115 301 3182 sonasse
314 3116 394 3171 nicht
406 3115 555 3170 Ausdruok
570 3115 619 3169 der
672 3123 730 3183 tom
758 3115 867 3182 Quinot.
887 3121 920 3171 47
946 3116 1092 3170 11111111(
1118 3116 1233 3171 aduoca-

55 3185 304 3255 Besoheidenheit,
337 3187 458 3242 eundern
484 3185 561 3241 eines
588 3187 617 3240 in
672 3190 745 3243 riom
767 3187 878 3258 copiosa
904 3193 993 3242 uterer
1016 3187 1072 3241 und
1101 3186 1173 3241 oben
1199 3203 1234 3241 au

55 3257 164 3313 diesem
190 3256 272 3312 Folle
305 3256 446 3328 xiohtigen
479 3257 617 3312 Bewusst·
672 3265 731 3325 §o

57 3328 140 3384 seins.
179 3327 277 3383 Selten
294 3327 364 3399 geht
381 3330 426 3383 die
446 3327 618 3396 dialogisehe
707 3345 761 3384 ooo
796 3329 874 3385 sonet
909 3328 1087 3399 gewdhnlioh
1112 3328 1236 3397 conmet,

56 3399 142 3456 Form
166 3396 214 3453 bei
233 3396 290 3453 Cic.
309 3399 469 3468 abgesehen
487 3415 542 3453 von
571 3415 619 3468 ge·
672 3401 847 3469 Ansspruch,
874 3398 937 3454 hier
960 3400 1086 3456 obstract
1113 3399 1233 3470 Sprech-

53 3468 249 3540 legentlichen
264 3469 618 3538 Zwischenbomerknngsn
673 3470 771 3539 weiss,
791 3470 892 3525 ebenso
910 3471 946 3525 de
965 3473 1022 3539 opt
1037 3488 1100 3540 gen.
1120 3471 1147 3524 d.
1168 3477 1181 3523 1
1201 3471 1235 3523 ia

53 3541 125 3596 fiber
145 3539 192 3595 die
210 3538 409 3609 Einleitungen
431 3539 545 3603 hinans;
570 3557 620 3593 aur
673 3543 767 3596 ceteris
788 3546 836 3608 (sc.
851 3541 998 3610 poematis)
1020 3557 1088 3596 suus
1109 3547 1148 3595 est
1174 3542 1233 3594 cui-

52 3609 263 3667 fortlaulenden
288 3610 490 3679 Entwiolxlung
518 3610 557 3666 sie
584 3628 619 3664 au
672 3623 723 3681 que
747 3617 836 3666 emtas
862 3626 946 3666 conoe
980 3617 1005 3666 et
1029 3613 1163 3680 quaedum
1192 3611 1234 3664 ia·

53 3680 300 3737 benutzenfehlte
317 3680 377 3735 ihm
391 3682 436 3737 die
451 3681 533 3736 Kraft
551 3681 618 3751 (vgl.
672 3683 857 3751 tellepeota'tus
878 3687 946 3737 oola
967 3697 1043 3747 ooc3
1077 3682 1155 3737 Brut.
1179 3687 1233 3737 289

53 3755 124 3823 51).
169 3752 251 3807 Auoh
274 3753 320 3807 die
344 3754 467 3808 anderen
490 3753 618 3822 Vorztigo
672 3754 801 3808 subsellio
825 3753 1000 3822 prandiorem
1032 3758 1061 3807 (1-
1083 3754 1234 3822 pleniorem

53 3824 104 3879 der
144 3823 346 3879 Platonisohen
388 3823 526 3893 Spraohe:
568 3823 618 3878 das
672 3840 760 3880 uocem
778 3825 942 3879 desiderant.

55 3894 202 4019 p⁰dl1i1⁸⁰h⁰
215 3893 419 4020 Elppnedntzie
437 3893 512 3976 leins
525 3895 618 3977 ironia
672 3967 690 4021 d
709 3895 850 4020 ngssluum
864 3896 894 3950 id
908 3893 966 3950 ea?
992 3893 1060 3950 Was
1079 3895 1182 3950 meinst
1195 3895 1233 3948 du

53 3982 91 4018 un
147 3980 252 4021 umore
285 3981 618 4020 nen1mmer1nem
691 3984 747 4021 amr

52 4034 148 4092 Masso
166 4054 200 4091 au
220 4035 338 4093 Gebote.
473 3983 492 4035 g
553 3984 572 4036 g
709 4042 774 4093 suat
792 4043 853 4093 cert.
873 4039 922 4108 lep.
936 4039 1027 4106 ((111,
1045 4038 1083 4092 im
1100 4035 1235 4091 Zeitalter

91 4123 168 4163 meua
181 4107 236 4161 mir
249 4106 342 4161 selber
351 4106 541 4176 angehdrend,
551 4107 578 4161 d.
591 4107 618 4160 h.
675 4107 785 4164 Ciceros
800 4109 873 4165 noch
887 4109 967 4164 hatte
981 4108 1041 4164 sich
1055 4109 1099 4162 fiir
1118 4106 1163 4161 die
1178 4104 1232 4160 Ge-

56 4177 312 4248 salbetstandig‚so
326 4179 537 4244 naohhertous;
551 4194 620 4232 suus
672 4183 746 4234 setae
772 4179 833 4234 eine
856 4178 1085 4235 alterthfimliohe
1111 4176 1233 4245 Spraehe

54 4246 117 4307 uia
137 4254 163 4304 4.
189 4255 224 4303 10
260 4264 364 4318 semper
386 4265 439 4304 esse
464 4251 566 4318 poterit
588 4251 619 4302 io
674 4251 808 4317 erhalten,
823 4267 905 4305 wenn
922 4250 994 4304 anch
1008 4249 1087 4302 nieht
1101 4264 1132 4302 oo
1146 4246 1233 4313 fossil,

55 4320 228 4391 disputando
246 4335 326 4388 suum
345 4320 383 4375 ib.
398 4326 424 4374 o.
445 4327 478 4374 14
496 4321 540 4375 uio
553 4335 618 4389 quo·
672 4319 726 4376 wie
749 4318 778 4374 in
804 4321 858 4377 den
876 4318 929 4374 XII
947 4318 1157 4388 Tafelgesetzen
1176 4318 1234 4373 und
