2730 4710
90 181 134 246 54
565 181 613 236 DE
632 179 786 236 LEGIBUS

89 344 207 429 impios
232 343 362 409 sublato
386 343 618 428 suppliciorum
641 342 752 409 metu?
786 365 922 429 quorum
946 348 1056 409 tumen
1078 365 1174 409 nemo
1197 347 1265 409 tom

90 432 195 498 audax
209 453 364 516 umquam
382 432 446 497 fuit
459 433 538 517 quin
556 436 614 498 aut
633 432 826 497 abnueretu
850 454 884 497 se
902 434 1113 498 commissum
1132 453 1203 498 esse
1220 433 1266 498 fs·

90 524 182 589 cinus
197 526 255 587 aut
268 522 347 587 iusti
361 522 412 587 sui
433 521 555 586 doloris
569 542 702 586 causam
716 521 857 606 aliquam
875 521 1013 607 fingeret
1031 521 1266 587 defensionem·

91 633 152 697 que
174 610 329 676 facinoris
353 634 372 676 a
393 612 530 675 naturae
552 611 622 674 iure
645 609 753 694 aliquo
777 615 955 695 quaereret.
996 609 1085 688 Quae
1109 611 1137 675 si
1160 612 1266 696 appel·

89 702 158 766 lare
182 700 302 765 audenb
323 699 427 784 impii,
450 720 513 784 quo
535 699 667 765 bandum
691 699 798 765 studio
823 701 969 765 colentur
991 698 1150 765 abonis?

179 788 273 865 Quod
296 789 324 853 si
347 809 461 872 poena,
485 788 512 853 si
536 791 641 853 metus
666 788 815 872 supplici,
837 810 904 853 non
927 789 1000 872 ipsa
1021 788 1192 873 turpitudo
1215 788 1265 854 de-

90 882 193 944 berreb
217 878 258 942 ab
282 878 439 942 iniuriosa
460 877 706 962 facinerosuque
729 877 811 960 vibo,
838 899 934 943 nemo
958 881 1008 942 esi
1030 877 1184 959 iniustus,
1211 881 1266 943 cub

90 966 214 1033 incauti
233 967 341 1051 potius
365 965 508 1031 habendi
531 970 607 1031 sunt
629 966 767 1049 inprobi.
808 967 861 1031 41.
884 966 968 1031 'I'um
992 969 1100 1032 autem
1123 967 1180 1052 qui
1201 988 1266 1032 non

91 1057 164 1141 ipso
205 1054 344 1120 honesto
381 1076 549 1120 movemur
585 1059 622 1120 ub
658 1054 737 1120 boni
773 1055 836 1119 viri
872 1056 987 1139 simus,
1029 1055 1085 1120 sed
1121 1055 1264 1120 utilitate

90 1146 200 1230 aliqua
219 1147 318 1228 atque
336 1143 453 1227 fructu,
477 1143 586 1209 callidi
606 1165 727 1226 sumus,
749 1165 816 1209 non
833 1144 921 1209 boni.
965 1143 1052 1210 Num
1071 1143 1149 1228 quid
1168 1143 1266 1210 faciei

89 1236 118 1298 is
141 1233 238 1299 homo
267 1233 301 1297 in
328 1232 486 1318 tenebris,
513 1233 569 1317 qui
592 1231 676 1298 nihil
699 1232 795 1297 timet
816 1233 881 1297 nisi
904 1234 1025 1298 testem
1047 1235 1080 1297 eb
1101 1231 1264 1299 iudicem?

90 1322 167 1408 quid
197 1322 231 1387 in
261 1321 388 1387 deserto
419 1343 482 1407 quo
514 1321 586 1388 loco
616 1323 729 1386 nactus
759 1342 856 1406 quem
883 1321 987 1387 multo
1016 1343 1094 1387 curo
1124 1321 1264 1406 spoliare

88 1412 195 1496 possib
226 1411 414 1476 inbecillum
446 1414 545 1494 obque
575 1409 703 1474 solum?
749 1409 871 1476 Noster
903 1410 1033 1496 quidem
1065 1409 1119 1476 hic
1148 1414 1267 1476 natura

89 1501 195 1564 iustus
223 1500 274 1564 vir
302 1521 339 1564 ac
366 1499 470 1564 bonus
500 1499 601 1563 etium
624 1499 850 1584 conloquebur,
878 1499 1018 1584 iuvabit,
1045 1499 1079 1564 in
1102 1499 1191 1564 viam
1214 1498 1267 1564 de

89 1588 195 1653 ducet:
233 1588 261 1651 is
280 1609 367 1673 vero,
390 1587 446 1672 qui
465 1587 547 1652 nihil
566 1587 701 1653 alberius
725 1609 822 1653 causa
844 1587 945 1654 fucieb
968 1591 1000 1652 eb
1022 1587 1179 1652 metietur
1201 1587 1267 1653 suis

91 1798 226 1853 ubhulten
249 1816 282 1852 zu
308 1797 415 1864 lusson,
443 1796 502 1852 slso
529 1813 652 1867 geuuuer
706 1796 795 1853 Socho
831 1798 905 1853 nach
941 1796 1092 1868 urtheilen)
1125 1798 1193 1853 chor
1223 1795 1267 1852 fiir

91 1871 215 1925 deberent
225 1871 314 1924 arceri
324 1869 491 1936 (abstinere),
506 1885 564 1922 uns
579 1869 651 1922 auch
705 1868 878 1923 unvorsichbi
925 1867 1059 1937 gehslien
1086 1886 1122 1922 zu
1146 1868 1266 1924 werden.

89 1940 302 2010 vorgeschwebt
320 1939 413 1993 haben
429 1942 515 2008 mag).
705 1938 804 1994 Aehnl.
820 1885 918 1994 neuin
933 1956 959 1992 u.
974 1938 1059 1995 vahl.
1087 1939 1152 2009 Vgl.
1168 1956 1196 2009 p.
1209 1938 1265 1994 red.

123 2016 226 2067 tamem:
245 2011 358 2065 mochbe
372 2009 445 2064 such
460 2009 544 2064 keiue
559 2009 651 2064 Sbrsfe
704 2009 735 2063 in
754 2026 810 2066 sen.
832 2015 865 2064 19
889 2011 938 2080 qui
958 2025 1019 2064 cmm
1037 2010 1140 2065 videret
1157 2011 1266 2066 scelera·

88 2100 123 2136 zu
141 2083 271 2137 fflrchben
290 2082 358 2136 sein.
705 2087 763 2136 tum
786 2081 870 2136 civem
897 2085 947 2135 aut
973 2081 1150 2137 domesticum
1173 2082 1266 2150 pomo

123 2154 193 2208 iusti
201 2153 356 2208 sm‘dolom‘u
366 2151 458 2206 Genit.
469 2151 540 2206 subi.
550 2151 651 2218 „einen
704 2153 812 2207 bostmn.

87 2221 649 2293 ihmwiderfuhmengerechbenSchmcrr
738 2223 860 2277 incauti:
882 2223 956 2277 deun
974 2239 1027 2278 nur
1044 2222 1184 2293 dsdurch,
1203 2223 1265 2278 dese

88 2296 130 2350 als
149 2295 246 2351 Grund
264 2294 386 2365 ungbbm
413 2294 473 2348 sich
497 2293 547 2348 uuf
568 2293 650 2348 einen
704 2293 745 2348 oie
764 2293 825 2347 sich
844 2293 894 2348 der
913 2293 1006 2348 seron
1025 2297 1186 2362 eucnemon,
1206 2293 1266 2350 sind

87 2367 148 2421 ihm
184 2382 220 2421 sn
242 2365 337 2421 eblioh
373 2364 571 2421 verurssuhbeu
604 2381 650 2434 ge·
704 2365 745 2419 sie
768 2365 936 2434 ungerechb‚
960 2380 1034 2432 was,
1057 2380 1139 2420 wenn
1161 2365 1203 2421 sio
1220 2365 1266 2421 bc·

88 2438 203 2493 rechben
218 2385 350 2492 bchmsrz
363 2436 496 2490 beriefe“.
530 2437 569 2490 Zu
586 2435 651 2490 dem
704 2435 818 2490 hutsam
836 2435 894 2489 und
918 2436 1017 2490 schluu
1036 2440 1143 2504 wbren,
1170 2436 1211 2491 sie
1233 2452 1265 2490 ru

91 2508 245 2563 Gedcukon
262 2508 319 2577 vgl.
338 2506 399 2562 rin.
419 2513 443 2561 3.
462 2513 506 2588 36.
593 2576 599 2587 Δ
704 2506 865 2560 vermeiden
889 2507 1020 2562 wfissten.
1055 2506 1199 2589 bobobertus
1226 2505 1263 2560 im

89 2577 651 2730 uerbi?bbrbbzibffbbbbfflrb
702 2576 1264 2732 inibitunbubnibffbffbt

88 2718 569 2791 HaupbinhulbdesWor'oesb1ldeb,
585 2733 649 2772 son·
738 2723 754 2783 5
770 2723 815 2773 41.
846 2720 968 2774 miletum
987 2720 1084 2789 aliquo
1097 2719 1157 2790 flg.;
1179 2736 1210 2775 so
1227 2719 1264 2774 im

88 2791 158 2847 dern
181 2793 254 2846 auch
278 2790 328 2846 suf
353 2790 398 2845 die
423 2789 525 2845 beiden
549 2790 650 2844 nschsr
703 2788 1263 2858 HinbliokaufdieEpiknrcerffian

88 2864 190 2918 vorher
221 2861 422 2934 sngcgebenen
454 2861 548 2916 Mibbel
583 2860 651 2916 oder
703 2861 729 2916 si
752 2862 845 2915 omm'o
872 2862 938 2915 hacc
965 2890 999 2901 -
1028 2864 1166 2931 coquitur,
1192 2862 1264 2930 fider,

88 2935 185 3002 Arbon,
200 2934 260 2989 sich
274 2952 307 2988 zu
321 2931 522 3002 vcrbheidigon.
556 2932 650 2986 Aehn-
703 2932 815 2987 immitia
829 2961 863 2971 —
878 2933 916 2987 ud
933 2933 1081 2987 utilitatem
1099 2934 1265 3000 reformor,

88 3005 162 3060 liche
185 3005 346 3060 Freiheitsn
365 3004 408 3069 im
430 3002 578 3058 Gebrsuch
601 3003 650 3057 des
703 3004 795 3058 uirum
808 3002 909 3072 boumn
922 3019 979 3058 nom
989 3018 1069 3072 porse
1079 3005 1197 3073 reperiri
1205 3019 1265 3074 per·

88 3075 185 3131 Plurul
204 3076 283 3131 nicht
297 3076 395 3143 selben,
415 3073 650 3129 woriiberMsdv.
704 3074 831 3142 opimum
848 3079 894 3128 est.
928 3073 967 3129 cf.
981 3073 1047 3128 uin.
1067 3075 1088 3130 Ι,
1108 3080 1152 3132 34.
1171 3075 1205 3131 IL
1225 3079 1264 3130 76.

88 3146 149 3202 Fin.
170 3147 202 3202 ΙΙ.
219 3153 261 3200 61.
279 3164 307 3216 p.
321 3151 375 3228 449
394 3162 422 3198 u.
436 3144 470 3199 V.
486 3150 528 3199 68.
547 3162 574 3214 p.
591 3148 650 3198 725.
740 3144 776 3198 im
794 3144 1014 3226 tenebrisucf.
1033 3144 1094 3199 rin.
1112 3151 1137 3228 ²:
1157 3150 1202 3217 52,
1223 3159 1264 3200 wo

89 3214 652 3356 ‹1132444422ibiibibbbuiff
705 3215 1264 3369 rmbfflcbabbubb'bb

90 3375 171 3413 ocsus
180 3358 257 3413 eines
267 3358 529 3424 Besmtennamens,
544 3372 652 3411 ausser·
706 3361 854 3412 concretum
863 3362 995 3412 uetustate
1004 3359 1196 3426 prouerbium:
1208 3359 1266 3429 qm·

91 3430 160 3484 halb
174 3428 224 3484 der
236 3428 470 3500 publicisbischen
480 3425 586 3497 Sphbre
599 3445 653 3482 nur
707 3444 769 3482 oum
781 3428 814 3482 c'n
827 3429 944 3484 cumbris
958 3435 1010 3483 -?
1029 3445 1086 3497 erg.
1101 3431 1184 3485 mices
1196 3428 1265 3484 urob

91 3501 145 3555 mit
175 3501 241 3556 dem
272 3501 348 3556 eines
381 3499 552 3554 Pronomens
586 3515 652 3554 oon·
708 3497 760 3553 off.
776 3499 824 3555 III.
841 3506 874 3555 ⁷7
898 3518 925 3553 u.
939 3498 999 3554 Fin.
1014 3506 1039 3554 3.
1055 3503 1089 3554 38
1119 3499 1194 3571 Quid
1212 3499 1266 3556 dici

91 3573 189 3627 struirt
216 3573 262 3640 (of.
286 3572 416 3640 Hancne,
446 3569 568 3626 Grsmm.
595 3569 651 3625 scil.
703 3571 820 3639 poterit,
842 3571 869 3624 si
886 3571 1087 3639 turpitudinem
1104 3587 1162 3626 mom
1179 3573 1266 3641 ipsum

91 3643 193 3699 Lshrb.
215 3649 231 3708 ξ
250 3650 292 3701 27.
317 3645 356 3711 2),
390 3642 467 3698 stehb
498 3641 559 3697 hier
590 3657 653 3696 cus·
702 3657 755 3710 per
780 3655 808 3695 sc
834 3641 995 3711 sopiendum
1027 3657 1081 3697 csse
1111 3647 1267 3708 statuemur,

91 3714 275 3769 nahmsweise
289 3714 342 3768 mit
355 3715 419 3769 dem
432 3713 561 3768 Accusat.
577 3712 654 3767 einer
707 3712 853 3782 quominus
874 3713 995 3767 bomiscos
1016 3714 1141 3768 tenebras
1162 3719 1188 3768 et
1205 3713 1267 3769 sols'·

93 3783 190 3840 Suche.
708 3783 829 3838 tudinem
847 3783 924 3839 mcci
941 3784 1019 3838 mullo
1033 3785 1160 3840 dedecore
1176 3800 1206 3840 sc
1222 3784 1267 3840 ob·

126 3860 185 3923 aut,
203 3855 295 3909 wob'ir
309 3855 355 3910 die
369 3855 558 3910 Emendabion
575 3853 605 3908 in
620 3869 653 3908 ac
707 3851 848 3908 utineam?

91 3927 155 3982 sehr
172 3926 245 3980 nsho
263 3925 343 3995 liegt,
364 3926 421 3995 vgl.
440 3931 455 3991 ς
476 3932 517 3993 18,
537 3925 587 3980 hub
605 3940 652 3995 ge·
743 3925 846 3979 decerto
864 3940 931 3994 quo.-
948 3926 1011 3995 quis
1030 3926 1102 3982 ohne
1116 3927 1266 3983 Anschlnss

90 3998 299 4054 wissermasseu
315 3996 532 4066 restringircnde
546 3994 653 4051 Bedeu·
707 4013 745 4050 nn
764 3995 808 4050 ein
827 3995 992 4063 Formworb,
1010 3997 1064 4052 wic
1077 3997 1154 4053 Part.
1167 4015 1207 4053 or.
1222 4003 1269 4063 623

90 4071 175 4140 bung:
205 4067 285 4136 oder,
313 4083 394 4122 wenn
416 4067 468 4122 wir
491 4066 550 4122 dics
574 4066 654 4121 nicht
707 4067 901 4134 Fau1o3ue3
921 4073 963 4123 3Ὶ.
991 4069 1069 4139 (Lug.
1085 4074 1110 4123 8.
1126 4076 1160 4125 10
1174 4087 1201 4124 u.
1217 4069 1268 4139 11.)

91 4141 187 4212 gulten
200 4138 299 4200 iusseri
316 4138 433 4206 nollem,
453 4155 482 4193 so
501 4138 654 4195 verdienen
706 4137 772 4208 Vgl.
783 4137 876 4210 Ἠὼς.
895 4139 916 4193 I.
935 4143 951 4205 ξ
969 4145 1012 4194 44.
1032 4148 1050 4194 4
1068 4140 1126 4194 und
1150 4158 1184 4195 ru
1203 4140 1268 4210 Lug.

91 4212 147 4280 sis,
174 4211 220 4266 die
244 4210 296 4266 wir
317 4209 419 4265 iniusti
444 4210 512 4265 oder
534 4210 654 4278 improbi
706 4210 740 4263 II.
761 4216 804 4264 66.

92 4299 237 4349 neuneu,
265 4282 339 4336 doch
364 4279 408 4335 im
432 4279 568 4335 Grunde
594 4281 654 4335 der
742 4281 1010 4348 faciet—metietur.
1031 4281 1270 4337 Eskbnnbesuch

93 4352 199 4409 Ssche
224 4353 403 4424 (wenigsbens
426 4368 507 4408 wenn
529 4353 581 4408 wir
603 4351 653 4408 dor
707 4352 757 4408 dss
776 4351 910 4408 Praesens
927 4351 958 4407 in
971 4353 1126 4423 Ansshung
1144 4353 1194 4409 der
1209 4352 1271 4408 All·
