2730 4710
439 130 507 186 LIB.
526 131 547 186 l.
575 129 653 186 GAP.
672 133 770 186 8—10.
799 136 814 197 ἓ
833 135 946 187 25-28.
1237 131 1280 196 39

53 346 61 379 ,
112 294 222 378 reliqui
244 296 398 380 corporis,
421 293 678 360 moderationem
701 293 800 377 vocis,
823 293 980 358 orationis
1002 294 1079 377 vim,
1101 314 1183 377 quae
1207 315 1281 358 con-

54 396 58 401 ·
114 382 243 448 ciliatrix
261 388 311 449 est
324 383 487 448 humanae
501 383 640 447 maxime
656 381 837 447 societatis:
856 382 1060 466 nequeenim
1080 381 1190 446 omnia
1203 386 1281 446 sunt

120 468 202 535 huius
224 472 454 558 disputationis
478 494 516 536 ac
538 471 695 556 temporis
720 473 752 535 et
773 470 860 535 hunc
883 471 992 535 locum
1015 471 1109 552 satis,
1137 475 1174 534 ut
1198 471 1280 535 mihi

124 558 238 645 ridetur,
255 562 291 624 in
309 561 351 625 iis
370 560 473 641 libris,
493 581 573 644 quos
587 559 725 643 legistis,
740 559 900 642 expressit
914 557 1032 642 Scipio.
1068 556 1164 623 Nunc
1183 571 1281 642 quon-

125 646 176 711 iam
194 647 366 732 hominem,
388 647 475 732 quod
498 647 692 733 principium
715 647 913 730 reliquarum
936 669 1044 712 rerum
1071 667 1141 711 esse
1165 647 1280 732 voluit,

125 737 272 819 generavit
291 741 324 801 et
343 737 470 801 ornavit
483 736 576 820 deus,
594 736 800 821 perspicuum
815 736 859 799 sit
876 736 971 820 illud,
984 758 1025 801 ne
1049 734 1160 800 omnia
1182 736 1281 800 disse·

126 828 229 907 rantur,
256 825 361 910 ipsam
384 847 442 911 per
471 846 506 889 se
528 828 678 889 naturam
705 824 835 909 longius
867 821 1033 911 progredi:
1066 845 1148 908 quae
1181 824 1280 888 etiam

125 911 195 976 nullo
211 913 344 979 docente
362 913 510 999 profecta
529 912 570 977 ab
592 912 643 997 iis,
662 935 799 997 quorum
819 935 857 977 ex
875 914 982 998 prima
1003 916 1036 977 et
1054 912 1209 977 incohata
1230 913 1278 977 in·
1354 972 1356 976 .

125 997 290 1150 leegentia
318 1021 437 1087 genera
465 1002 632 1086 cognovit,
660 1001 831 1066 confirmat
861 1001 935 1086 ipsa
964 1024 1022 1086 per
1055 1023 1089 1066 se
1120 1002 1279 1066 rationem

53 1082 59 1145 s
165 1091 290 1172 perficit.

53 1236 55 1243 .
191 1177 226 1244 X.
248 1179 303 1244 28.
330 1179 416 1243 Ass.
433 1178 490 1244 Dii
508 1179 713 1263 inmortales,
732 1200 829 1263 quam
846 1181 883 1242 tu
901 1179 997 1263 longe
1016 1178 1096 1244 iuris
1114 1178 1277 1262 principia

53 1344 55 1349 Ι
124 1266 235 1346 sepelis!
269 1270 369 1353 atque
396 1267 459 1351 ita,
486 1271 523 1332 ut
551 1288 612 1354 ego
640 1289 707 1331 non
736 1266 834 1332 modo
862 1265 903 1330 ad
926 1267 984 1331 illa
1006 1287 1071 1330 non
1094 1288 1279 1350 properem,

53 1366 56 1413 :
124 1370 187 1433 quae
206 1355 417 1440 expectabam
441 1358 512 1420 ate
535 1355 574 1420 de
597 1357 666 1420 iure
690 1355 788 1439 civili,
811 1353 867 1418 sed
885 1354 981 1420 facile
1003 1355 1111 1437 patiar
1129 1357 1162 1418 te
1190 1354 1278 1419 hune

53 1448 55 1457 '
123 1436 189 1505 dien
208 1445 259 1508 vel
282 1446 389 1509 totum
412 1445 445 1508 in
468 1444 533 1509 isto
558 1465 706 1508 sermone
730 1463 927 1509 consumere.
962 1441 1057 1508 ¹Sunt
1082 1443 1169 1507 enim
1196 1443 1278 1507 haec

120 1528 237 1615 maiora,
266 1553 349 1616 quae
380 1532 518 1596 aliorum
542 1553 641 1597 eausa
662 1531 803 1597 fortasse
832 1531 1058 1616 conplecteris,
1082 1553 1180 1615 quam
1204 1532 1277 1615 ipsa

120 1612 177 1702 illa,
196 1641 332 1703 quorum
352 1619 439 1684 'haec
463 1641 561 1684 causa
587 1623 831 1704 praeparantur.
867 1617 911 1684 ln
935 1617 1018 1685 Sunt
1040 1619 1121 1685 haec
1145 1620 1275 1704 quidem

119 1722 231 1793 magna,
255 1728 337 1795 quae
360 1730 446 1773 nuno
468 1709 610 1773 breviter
633 1709 850 1795 attinguntur,
874 1706 930 1772 sed
953 1709 1113 1794 omnium,
1136 1730 1218 1792 quae
1241 1708 1276 1772 in

116 1786 265 1861 hominum
289 1797 459 1862 doctorum
487 1796 706 1879 disputatione
734 1800 918 1879 versantur,
944 1795 1028 1860 nihil
1056 1800 1106 1861 est
1127 1796 1274 1879 profecto

115 1884 329 1964 praestabilius
352 1906 450 1970 quam
471 1885 569 1970 plane
591 1885 740 1972 intellegi
757 1907 816 1950 nos
841 1885 882 1949 ad
905 1884 1066 1949 iust'tiam
1089 1905 1161 1948 esse
1178 1888 1274 1950 natos

138 2093 167 2147 ia
182 2095 219 2149 iis
236 2095 317 2150 tibris
331 2125 366 2135 -
380 2093 484 2164 Scipio,
503 2095 576 2150 nach
588 2093 658 2149 Lac·
712 2096 786 2149 noch
804 2094 1042 2163 schlummernde,
1061 2093 1181 2149 dunkele
1200 2093 1274 2162 Idee,

106 2160 169 2218 tant.
196 2165 223 2222 d
252 2181 297 2235 op.
327 2164 382 2221 div.
408 2166 429 2222 Ι.
453 2195 489 2205 -
512 2166 586 2221 denn
613 2166 658 2219 die
713 2165 759 2220 die
777 2164 866 2219 durch
882 2164 1043 2234 Erfahrung
1059 2165 1199 2220 erwachte
1217 2165 1275 2219 und

103 2230 184 2290 stelle
206 2235 246 2291 ist
272 2235 352 2290 nieht
375 2235 540 2291 fiberliefert
562 2266 596 2275 -
619 2236 658 2290 im
712 2235 874 2290 bestimmte
909 2235 986 2302 Idee,
1023 2235 1068 2288 die
1105 2235 1275 2289 dialektisoh

101 2310 126 2359 4.
139 2305 232 2360 Buche
247 2306 283 2361 de
296 2323 327 2361 re
345 2306 432 2376 publ,
450 2307 571 2361 welches
589 2307 659 2361 tiber
713 2306 812 2374 (durch
826 2304 1099 2375 Sehlnssfolgerung)
1116 2304 1272 2374 gesicherte

102 2375 247 2440 dierechte
256 2376 416 2447 Erziehung
424 2376 659 2442 handelteanach
712 2376 785 2430 Ides.
821 2374 876 2429 Mit
893 2377 931 2429 iis
948 2376 1018 2429 wird
1041 2375 1086 2429 die
1106 2374 1273 2430 Mittelstufe

97 2447 146 2503 der
163 2447 301 2518 Meinung
324 2448 427 2503 andren
449 2445 530 2517 (Mai,
549 2447 658 2517 Nobbe,
712 2445 885 2512 bezeichnet,
899 2446 1033 2500 wahrend
1047 2461 1162 2516 pomum
1175 2462 1274 2515 penna

96 2535 118 2572 s.
127 2518 211 2574 Klotz
221 2516 308 2588 Ausg.
318 2518 500 2574 Vorbemerk.
510 2537 544 2573 zu
554 2519 585 2572 B.
598 2519 657 2587 111.)
725 2533 755 2592 so
768 2517 856 2586 verb.)
870 2516 920 2571 das
935 2520 1006 2572 erste
1022 2515 1150 2572 Stadium
1165 2517 1271 2587 angibt.

97 2589 135 2645 im
153 2593 179 2643 3.
192 2588 299 2656 Buche,
317 2589 406 2645 werin
423 2588 536 2659 gezeigt
553 2589 658 2656 worda,
739 2587 763 2642 'e
786 2605 819 2643 ea
841 2587 901 2658 (iis)
926 2587 1073 2658 begreiien
1099 2604 1173 2642 zwar
1200 2589 1273 2643 auch

93 2660 159 2715 dass
173 2659 221 2714 die
236 2658 354 2714 Staaten
367 2676 414 2715 am
432 2660 585 2714 sichersten
598 2659 658 2714 sich
711 2674 818 2728 penae,
830 2659 995 2714 aberdiean
1006 2658 1272 2729 denEinzeldingen

92 2730 145 2786 auf
160 2730 208 2785 die
227 2728 442 2800 Gereehtigkeit
458 2731 589 2785 stfltzten.
712 2730 799 2784 sehon
835 2729 985 2800 geklarten
1020 2731 1078 2785 und
1114 2730 1271 2799 erprobten.

126 2800 536 2871 prieeipiroa'ungewohnlioh
554 2801 600 2856 fur
612 2817 657 2857 cc·
711 2799 778 2854 Erst
796 2800 849 2855 mit
866 2800 917 2854 der
934 2801 1039 2855 dritten
1058 2800 1137 2855 Stufe
1155 2800 1273 2869 beginnt

90 2878 158 2942 pat,
171 2873 312 2942 pascens.
712 2871 758 2925 die
784 2870 854 2924 freie
881 2869 1047 2940 Thatigheit
1073 2871 1122 2924 des
1147 2871 1273 2926 mensch·

123 2943 254 3013 profecta
271 2943 306 2997 ot
324 2943 378 2998 iis.
450 2943 525 3002 nach
542 2941 659 2997 Ansioht
711 2941 805 2996 lichen
828 2939 948 3008 Gentes,
976 2941 1064 2995 daher
1082 2941 1209 3010 profecta
1236 2943 1271 2997 ab

91 3014 143 3070 der
152 3012 267 3069 Stoiker
276 3029 335 3067 war
344 3013 394 3067 der
403 3013 454 3068 auf
460 3013 657 3082 empirisohem
711 3013 756 3078 iis,
786 3027 1004 3082 eorumgenere.
1038 3010 1075 3065 So
1090 3011 1197 3066 erklart
1210 3011 1271 3066 sich

92 3084 184 3155 Wege
193 3099 366 3154 gewonuene
375 3084 415 3139 Be
451 3073 564 3138 'ffnobh
578 3083 659 3139 nicht
712 3029 787 3136 wohl
827 3082 876 3138 der
912 3081 1078 3138 verawiehte
1115 3081 1271 3139 Ausdruok.

88 3156 143 3211 der
152 3153 308 3210 Absohluss
323 3155 372 3210 der
385 3154 424 3208 Er
445 3154 579 3224 enntniss,
595 3171 656 3209 son·
712 3153 830 3223 (Httten
853 3152 899 3208 die
921 3153 1118 3224 angeborenen
1141 3154 1204 3221 εἴδη
1229 3155 1271 3209 als

90 3225 162 3282 dem
195 3227 255 3281 erst
286 3225 336 3280 der
365 3225 417 3280 auf
442 3225 657 3282 dialektisohem
710 3224 953 3295 Ausgangspunkt
974 3224 1141 3295 hingestellt
1158 3225 1271 3280 werden

92 3295 184 3366 Wege
203 3295 362 3366 gesieherte
379 3295 460 3366 Begr.
490 3292 656 3366 (ἐπιστήμην
710 3295 813 3365 sollen,
842 3312 873 3350 so
896 3295 979 3351 liesse
1006 3295 1066 3350 sich
1089 3296 1180 3351 dieser
1203 3296 1272 3351 Sinn

93 3364 170 3423 εἶναι
193 3362 356 3436 κατάληψιν
379 3361 493 3435 ἀσφαλῆ
517 3366 585 3421 Zell.
607 3367 656 3423 Ill.
709 3366 798 3421 leicht
820 3365 910 3421 durch
932 3365 1133 3422 Emendation:
1161 3368 1196 3422 ab
1223 3368 1270 3437 iia,

114 3445 179 3495 .33.
195 3439 229 3491 A.
244 3439 281 3506 3),
295 3453 353 3492 was
367 3437 440 3493 Zeno
454 3437 507 3492 mit
524 3437 589 3492 dem
607 3437 656 3493 be·
708 3453 779 3507 quae
796 3467 832 3478 -
849 3452 962 3507 periero,
981 3438 1152 3505 herstellen.)
1218 3461 1222 3466 ·

168 3512 220 3564 ten
238 3507 319 3562 Bilde
341 3523 397 3563 von
420 3509 471 3564 der
487 3507 575 3562 Fanst
593 3523 656 3562 aus·
747 3506 814 3577 Gap.
828 3507 862 3562 X.
881 3513 953 3574 528.
979 3509 1118 3578 complecti
1130 3510 1270 3576 pregnant

89 3580 211 3636 drfickte
239 3578 470 3635 Acad.11.14a
515 3579 656 3634 Letzteres
709 3603 744 3624 ει
757 3580 953 3648 complectendo
966 3580 1015 3645 (ad
1028 3595 1084 3632 rea
1097 3578 1269 3647 compiecten-

89 3650 203 3706 scheint
230 3649 261 3704 in
289 3649 343 3705 den
367 3650 497 3705 Worten:
529 3651 654 3718 confirm.
709 3649 785 3716 Min)
797 3650 896 3716 afferre
908 3649 978 3718 „mit
990 3647 1203 3703 hineiuziehen“
1211 3649 1269 3719 vgl.

88 3727 144 3777 rat.
168 3725 196 3775 ct
211 3721 284 3789 perit
307 3739 341 3774 au
363 3720 458 3791 liegen
476 3720 592 3790 „bringt
609 3721 654 3775 die
709 3720 847 3790 conpacti
869 3721 912 3773 oie
934 3720 1116 3789 amplissimos
1138 3720 1213 3775 viros
1230 3722 1269 3776 ad

90 3789 278 3846 Erkenntniss
287 3808 351 3845 zum
358 3791 469 3846 sichem
476 3791 654 3847 Absohluss“.
708 3795 787 3845 tuum
800 3795 826 3844 et
839 3789 957 3846 Gabinii
968 3790 1055 3846 scelus
1063 3789 1121 3848 Pis.
1131 3795 1173 3846 75.
1199 3807 1269 3848 com-

87 3860 162 3931 cia,
182 3862 234 3917 der
260 3860 314 3916 wie
342 3862 415 3918 oben
441 3862 577 3932 geschen,
605 3861 655 3916 der
703 3863 811 3932 plector
819 3862 1268 3932 manuliaqacefcrtasscoidea·

90 3933 234 3991 stoischen
252 3931 434 3987 Stufenleiter
451 3933 501 3988 der
514 3932 653 3987 Erkennt·
707 3933 865 3989 tur-minas
882 3934 1035 3989 necesaria
1053 3933 1131 3990 Brut.
1151 3939 1211 3990 313.

90 4004 148 4059 nias
182 4001 440 4074 (Wahrnehmnng‚
467 4003 653 4073 Erinnerung,
743 4004 1267 4074 indisputatioae-vcreorrtcrdegen·

92 4074 263 4144 Eriahrung,
274 4073 397 4143 Wiesen)
406 4075 486 4130 nicht
495 4074 577 4144 folgt,
592 4090 654 4129 son·
710 4074 792 4128 stand
805 4073 865 4129 sein
879 4090 943 4144 von,
957 4076 1014 4144 vgl.
1024 4075 1051 4131 d.
1063 4075 1109 4130 Or.
1119 4075 1139 4130 1.·
1154 4079 1189 4128 23
1198 4091 1269 4143 quae

90 4146 171 4212 dem,
190 4145 244 4201 wie
259 4144 305 4199 die
319 4144 517 4212 Akedemiker,
536 4161 592 4200 von
606 4162 654 4199 an·
707 4146 848 4214 quondam
866 4148 959 4216 occepi
971 4148 1003 4200 ia
1016 4146 1203 4216 disputatione
1215 4145 1265 4200 elo-

87 4217 253 4287 gsborenen
270 4216 357 4270 Ideen
374 4217 506 4286 ausgeht‚
532 4215 583 4270 hat
600 4214 654 4270 fol·
706 4217 943 4285 queatissimorwm
970 4218 1109 4271 heminam
1131 4230 1186 4270 ecee
1208 4231 1269 4271 mr·

89 4288 182 4359 gendo
207 4286 401 4344 Staienleiter:
430 4287 475 4343 die
497 4287 537 4341 im
560 4286 655 4342 Geiste
707 4292 770 4342 cota
787 4287 844 4342 und
862 4287 996 4357 thelsb.
1016 4285 1077 4341 Stil.
1095 4303 1123 4355 p.
1142 4289 1203 4343 299.
