2730 4710
105 181 168 246 138
578 180 628 234 DE
646 179 801 238 LEGIBUS

99 341 238 410 Cilicum
253 343 455 429 maximeque
469 343 662 428 Pisidarum,
680 343 745 408 uisi
763 346 909 408 vetustas
929 364 967 408 ea
986 345 1075 408 certe
1097 355 1167 408 esse
1180 340 1255 408 docu-
1275 346 1279 359 ¹

96 433 185 499 isset.
226 432 295 499 Nec
317 454 393 498 vero
417 433 575 513 Romulus
603 437 715 498 noster
743 432 910 516 auspicato
938 433 1054 498 urbem
1082 428 1252 497 condidisset

98 543 203 606 neque
226 522 298 586 Atti
319 521 407 588 Navi
428 543 548 588 nomen
571 522 730 586 memoria
752 520 883 586 floreret
904 525 974 586 tam
992 521 1061 605 diu,
1078 520 1146 586 nisi
1163 540 1250 585 omnu

97 609 133 674 hi
156 611 260 675 multa
284 610 325 675 ad
348 611 521 702 veritatem
544 609 752 675 admirabilia
770 610 936 674 dixissent.
974 607 1038 675 Sed
1057 608 1190 675 dubium
1203 628 1250 674 nou

98 702 148 763 est
171 699 250 784 quin
272 699 353 765 haec
377 699 549 783 disciplina
572 702 604 763 et
627 721 679 764 ars
703 718 863 784 augurum
887 698 1055 763 evanuerit
1077 699 1145 763 iam
1166 700 1197 762 et
1213 718 1249 762 rc

96 791 220 853 tustate
243 791 276 852 et
298 786 514 873 neglegentia.
560 785 612 852 Ita
633 809 738 872 neque
759 787 810 850 illi
834 786 1009 872 adsentior,
1032 785 1090 870 qui
1108 786 1189 851 hanc
1208 784 1250 850 eci·

97 877 218 941 entiam
240 879 340 961 negat
362 899 517 960 umquam
535 877 570 941 in
587 879 701 941 nostro
728 875 865 960 collegio
884 875 999 958 fuisse,
1016 896 1122 960 neque
1139 875 1193 954 illi,
1212 873 1250 959 qui

97 986 166 1029 esse
190 965 290 1030 etiam
303 986 389 1030 nuno
406 969 510 1050 putat.
556 964 646 1042 Quae
665 964 746 1029 mihi
764 964 891 1028 videtur
910 964 995 1048 apud
1014 963 1154 1028 maiores
1172 962 1251 1027 fuisse

96 1052 225 1137 duplex,
248 1057 286 1118 ut
308 1053 350 1118 ad
373 1055 419 1118 rei
443 1054 592 1138 publicae
614 1056 743 1136 tempus
771 1074 838 1117 non
867 1074 1059 1136 numquam,
1090 1051 1132 1118 ad
1158 1049 1251 1137 agendi

96 1142 268 1206 consilium
292 1143 482 1225 saepissime
501 1143 686 1227 pertineret.
715 1142 767 1206 34.
790 1140 876 1205 Asu.
900 1139 1003 1208 Credo
1018 1141 1128 1205 hercle
1142 1141 1250 1206 itaesse

95 1230 214 1315 istique
237 1231 357 1295 rationi
379 1231 589 1315 potissimum
612 1229 786 1295 adsentior.
834 1227 897 1294 Sed
919 1229 1016 1294 redde
1040 1233 1156 1294 cetera.

183 1318 271 1385 XIV.
294 1319 337 1384 M.
361 1319 507 1385 Reddam
530 1341 606 1384 vero
630 1323 663 1383 et
685 1319 732 1403 id,
761 1317 787 1382 si
811 1321 941 1402 potero,
968 1317 1068 1382 brevi.
1122 1315 1251 1402 Sequitur

95 1407 181 1471 enim
206 1407 248 1472 de'
267 1409 337 1473 iure
360 1408 448 1473 belli.
493 1407 532 1472 In
555 1431 618 1493 quo
643 1410 677 1472 et
699 1405 904 1490 suscipiendo
933 1409 966 1470 et
994 1405 1136 1491 gerendo
1159 1410 1190 1471 et
1213 1404 1251 1469 de·

93 1581 232 1635 Isocrates
259 1581 394 1652 Panegyr.
423 1586 500 1647 §3⁰-
541 1575 588 1646 Ἐξ
617 1573 657 1634 ὧν
747 1596 833 1649 ueque
850 1581 894 1634 iiii
912 1580 1062 1647 adseutibr,
1080 1581 1130 1649 qui
1144 1581 1252 1650 -uepd

92 1646 130 1704 ἄν
149 1670 190 1712 τις
215 1648 440 1740 καταφρονήσειε
465 1651 521 1705 τῶν
543 1649 658 1721 λεγομὲ-
712 1668 763 1720 sq„
783 1668 820 1705 sc.
840 1651 998 1706 Marcellus.

94 1717 205 1783 νοονὼς
223 1717 349 1792 ἀρχαίων
368 1742 467 1788 οντων,
487 1718 657 1777 ἔκτῶναῦ-
747 1738 832 1790 usque
849 1723 909 1789 elii,
932 1722 982 1791 qui
1003 1737 1058 1776 esse
1077 1751 1111 1760 -
1125 1725 1206 1790 putot
1225 1735 1251 1774 ec.
1294 1756 1296 1763 ·

96 1793 153 1846 τῶν
185 1789 295 1848 τούτων
323 1789 439 1856 εἰκότως
466 1788 503 1848 ἂν
531 1793 580 1847 καὶ
608 1789 658 1855 τὰς
710 1791 827 1863 Appius.

93 1861 211 1932 προέξεις
229 1865 403 1933 γεγενῆσθαι
424 1866 577 1933 νομίσειεν·
607 1860 657 1918 διὰ
747 1865 785 1918 ad
807 1863 850 1918 rei
870 1862 1001 1931 publicae
1025 1867 1131 1932 tempus
1153 1861 1201 1916 auf
1218 1859 1253 1914 die

91 1931 146 2003 γὰρ
164 1931 196 1988 τὸ
216 1932 336 1998 πολλοὺς
355 1933 500 2004 εἰρηκέναι
518 1934 567 1989 uoci
585 1931 657 1989 uuiv-
711 1934 787 2003 Lage
815 1933 865 1988 des
889 1934 1014 2001 Staabae,
1042 1950 1125 1989 wenn
1148 1931 1253 1988 dissolbe

92 2025 143 2067 τας
165 2001 322 2073 ἀκηκοέναι
346 2001 482 2075 τροοήιιει
505 2002 543 2076 μὴ
569 2002 656 2060 καινοὶ
710 2005 831 2059 bedroht
849 2020 921 2071 war,
940 2023 962 2056 z.
981 2004 1012 2060 B.
1031 2004 1121 2059 durch
1140 2004 1254 2073 demago

92 2074 158 2144 μὲν,
181 2073 267 2130 τιστὰ
290 2074 322 2131 δὲ
349 2079 445 2132 δοκεῖν
464 2073 593 2132 εἶναιτὰ
612 2081 656 2132 λε·
711 2075 806 2145 gische
824 2076 962 2144 Antr‘eigffi
989 2074 1039 2128 der
1056 2073 1111 2128 Art
1133 2075 1193 2130 dass
1216 2090 1253 2127 nu

90 2142 207 2216 νόμενα.
249 2147 313 2238 Vpl.
343 2148 414 2202 auoh
443 2152 512 2213 §69
541 2142 575 2201 od
602 2144 656 2218 peip
710 2147 898 2216 Abwendung
922 2145 991 2200 oder
1009 2145 1192 2217 Vereitelung
1207 2145 1254 2200 der-

91 2211 130 2270 d'v
153 2212 226 2272 ποθ’
252 2237 280 2272 οι
302 2213 381 2287 λόγοι
403 2217 469 2286 περὶ
492 2212 588 2271 αὐτῶν
611 2238 657 2273 το-
711 2216 808 2271 selben
834 2217 1004 2286 ungiinstigc
1031 2217 1182 2287 Auspioien
1206 2232 1254 2272 vor·
1294 2208 1296 2257 l

90 2288 196 2342 τοῦτον
211 2285 313 2358 χρόνον
328 2288 484 2358 διέμειναν,
505 2287 533 2343 εἰ
550 2285 587 2360 μὴ
607 2289 656 2343 καὶ
710 2288 858 2357 geeehdtzt
875 2288 991 2341 wurden
1007 2316 1038 2328 ·-
1058 2288 1171 2343 diesim
1184 2287 1264 2352 Sinde„

89 2355 125 2412 eci
143 2358 311 2429 πραχθέντα
330 2357 402 2415 πολὺ
417 2361 474 2415 τῶν
490 2355 580 2415 ἄλλον
595 2354 657 2429 derf-
711 2359 759 2413 des
777 2359 934 2413 Marcellus.

89 2449 200 2498 νεγκεν.
746 2431 784 2484 ad
807 2431 908 2499 speudi
929 2430 1076 2485 consilium
1097 2429 1149 2484 auf
1167 2428 1255 2484 Einbo·

126 2505 246 2555 uetustus
264 2532 298 2541 -
317 2502 402 2570 lange
426 2503 534 2572 Dauer,
558 2502 655 2572 Linge
708 2499 778 2570 lung
797 2501 873 2555 eines
887 2500 993 2554 Rathes
1012 2501 1083 2554 dher
1101 2500 1151 2555 des
1169 2519 1201 2555 zu
1217 2501 1254 2554 be-

90 2569 140 2623 der
159 2571 233 2638 Zeit,
253 2571 322 2625 wie:
350 2572 399 2626 ΠΙ.
423 2576 492 2637 §20
511 2575 656 2641 puccium
710 2570 886 2626 obaohtende
912 2570 1079 2639 Verhalteu,
1108 2571 1254 2696 Belnlsiffuug

86 2641 185 2708 priseo
202 2642 332 2695 eideutru
345 2648 462 2710 propter
484 2649 654 2710 uetustatem
708 2642 779 2696 uber
810 2641 856 2697 die
893 2641 1140 2712 zweckm‘aiesigste
1200 2640 1254 2696 and·

90 2711 168 2764 Brut.
185 2717 237 2765 258
251 2713 323 2766 huuc
340 2728 396 2766 rem
410 2713 568 2768 deteriorem
580 2721 653 2770 uetu-
708 2712 885 2782 lungsweise‚
895 2712 1024 2767 wordber
1037 2713 1080 2766 als
1094 2715 1182 2768 etwas
1193 2711 1253 2768 noch

90 2787 148 2836 stus
161 2783 244 2849 fucit3
263 2782 344 2837 Dom.
359 2789 409 2837 117
421 2785 566 2853 peritiores
579 2792 653 2840 uetu-
708 2783 884 2853 Ungcwisses
917 2801 970 2837 nur
997 2784 1086 2838 durch
1115 2783 1161 2839 die
1191 2781 1255 2838 Diri·

89 2858 148 2908 sics
160 2854 245 2922 fucii3
263 2853 356 2923 Dej0t.
372 2861 407 2910 37
421 2860 533 2911 seuctiu
546 2858 654 2911 iudicio
708 2855 787 2909 natio
802 2853 980 2909 entsohiedcn
995 2854 1109 2910 werden
1125 2855 1207 2925 kann,
1220 2869 1253 2908 so·

88 2941 157 2992 quae
175 2941 299 2994 ιικριιοκι
317 2931 437 2981 uetustus
450 2927 564 2982 obruet?
589 2927 651 2982 Div.
708 2925 762 2979 mit
779 2925 819 2978 im
838 2924 922 2978 Sinus
941 2924 991 2980 des
1009 2924 1127 2995 Appius.

87 2996 109 3049 I.
135 3000 185 3050 109
216 2997 297 3064 afferi
325 3002 444 3052 uetustus
471 2999 598 3053 omuibus
619 3000 652 3053 iu
742 3000 758 3061 ξ
781 3002 824 3050 34.
871 2996 952 3050 redde
983 2999 1065 3066 trega
1097 3013 1161 3065 vor,
1197 2996 1252 3051 aber

87 3067 169 3120 rebus
187 3067 340 3136 lonqinquo
358 3069 544 3122 obseruatioue
561 3070 649 3124 iucre-
706 3065 862 3134 gleichsam
893 3084 942 3120 eur
974 3066 1143 3137 Abtrcgung
1174 3066 1255 3122 deiner

86 3137 197 3190 dibiiem
216 3138 370 3204 soieutiuru3
390 3138 649 3207 indesperata
707 3135 821 3205 Schuld,
839 3137 962 3191 insolern
980 3154 1009 3192 es
1027 3137 1058 3191 iu
1072 3137 1254 3208 Aussichtge·

88 3207 171 3274 lapsu
194 3232 229 3251 =
252 3209 332 3276 ioupo
356 3208 411 3263 Cic.
437 3208 462 3263 d.
491 3208 602 3265 Consul.
621 3230 647 3266 v.
706 3208 849 3274 stelltist3
878 3208 980 3263 ebenso
1004 3209 1081 3263 Brut.
1109 3213 1162 3264 258
1187 3208 1255 3265 redde

88 3282 131 3344 30,
150 3276 212 3331 Div.
233 3279 254 3331 Ι.
276 3280 328 3346 19).
707 3295 776 3347 quoe
793 3283 906 3333 residui.
943 3278 1039 3333 Freier
1062 3280 1138 3335 noch
1155 3280 1219 3351 Leg.
1235 3284 1254 3332 3.

123 3346 259 3402 Romulus
285 3349 428 3416 auspicato
447 3379 489 3403 -.
523 3349 564 3404 uf.
583 3352 652 3423 Rep.
709 3354 741 3403 13
759 3350 854 3404 reddes
876 3351 910 3404 de
927 3351 1136 3420 mopistratibus
1157 3357 1190 3407 ut
1210 3351 1256 3409 dis·

92 3418 128 3474 H.
144 3423 172 3484 ὅς
194 3424 239 3485 16;
258 3418 321 3474 Diu.
335 3419 356 3473 Ι.
371 3425 400 3487 3;
422 3425 573 3489 107—1083
593 3422 652 3477 Liv.
702 3425 785 3489 putes
803 3421 902 3488 quibus
926 3422 959 3476 de
984 3423 1077 3476 causis
1093 3453 1128 3462 —
1147 3439 1168 3478 a
1188 3423 1255 3477 dam.

93 3490 114 3544 I.
135 3497 151 3545 6
170 3490 216 3544 fin.
237 3489 332 3547 'linit
743 3492 810 3561 Cap.
826 3491 900 3546 XIV.
933 3493 1055 3561 sepuitiu
1073 3493 1107 3547 de
1125 3490 1256 3556 terebelli

130 3562 193 3616 Aue
209 3562 288 3617 Navi
314 3561 380 3617 Nat.
399 3562 425 3617 d.
445 3568 469 3618 2.
490 3567 520 3630 93
548 3563 612 3619 Div.
631 3565 652 3619 I.
706 3559 738 3616 τὸ
763 3559 820 3632 (τὰ)
847 3561 914 3631 περὶ
940 3564 996 3616 τῶν
1025 3558 1057 3617 ἐν
1082 3562 1197 3638 πολέμῳ
1223 3565 1256 3618 dr·

94 3638 212 3700 31-333
231 3633 292 3688 Liv.
310 3634 332 3690 I.
348 3639 396 3688 36:
421 3634 502 3704 „Ape
519 3636 594 3703 dum,
609 3637 653 3691 iu·
707 3634 805 3701 καίων,
815 3634 979 3688 nachherde
992 3636 1138 3690 ucetruuis
1150 3635 1256 3703 sacrific.

93 3705 155 3771 quii
167 3704 654 3778 Tarquiuiuadioiueiuiuuupurc
692 3705 827 3772 .ruuiier.;
851 3704 884 3758 II.
905 3710 938 3758 48
958 3721 1033 3760 uuus
1051 3705 1085 3760 de
1101 3708 1191 3762 saeris
1203 3722 1257 3776 per·

93 3774 189 3840 {ieriue
201 3778 300 3843 possit,
319 3776 392 3844 quod
409 3793 484 3831 uuus
502 3792 549 3847 epo
567 3784 654 3833 meute
704 3777 830 3845 petuis..
843 3780 956 3842 ‚residu
975 3781 1039 3841 §47
1057 3777 1127 3846 quid
1145 3779 1184 3833 ad
1196 3793 1258 3846 pou·

93 3845 225 3911 coucipio.
246 3844 511 3913 Ouuiiiefutueuru
524 3849 652 3903 dixisset:
705 3847 804 3913 tificeru
827 3846 859 3900 de
882 3848 942 3901 iure
960 3848 1102 3915 parietum
1126 3867 1168 3918 sq.
1193 3855 1206 3902 r
1227 3848 1258 3903 rb.

93 3914 182 3983 Atqui
199 3916 248 3969 boc
266 3916 359 3970 auimo
378 3918 494 3985 epitasi,
512 3919 613 3986 iuquit,
627 3924 653 3974 te
705 3916 749 3971 De
766 3918 867 3983 sceris,
885 3918 978 3983 credo,
1001 3919 1034 3972 de
1051 3919 1122 3973 cotis
1141 3937 1196 3989 sq.;
1218 3919 1258 3975 Ill

92 3985 228 4039 uooceuiu
246 3992 328 4040 cotem
350 3987 536 4043 discissuruu.
580 3988 652 4044 Tum
705 3993 739 4041 33
759 3989 920 4056 proximum
946 3993 1036 4043 autem
1064 3990 1098 4044 de
1122 3991 1260 4062 suffropiis

92 4057 172 4111 ilium
208 4057 284 4110 baud
316 4061 475 4112 euueiauier
510 4059 651 4116 discidisse
706 4063 756 4126 αις
783 4063 851 4123 §43
874 4060 972 4114 deiude
989 4060 1022 4114 de
1036 4063 1260 4133 promuipatioue

92 4133 175 4183 cotem
192 4127 316 4195 feruut“
705 4129 739 4184 de
760 4131 879 4198 siupulis
900 4131 981 4185 rebus
1003 4132 1118 4198 rependis
1142 4135 1209 4190 cett.
1227 4149 1260 4189 sc.

128 4200 166 4253 ud
187 4199 327 4254 ueritatem
350 4197 385 4253 cf.
404 4197 452 4254 Ill.
474 4204 506 4253 19
533 4201 652 4270 iusipuis
704 4201 841 4269 seruiium
868 4206 901 4254 46
920 4202 1043 4270 sequitur
1061 4203 1095 4257 de
1112 4208 1206 4275 copiis
1219 4221 1261 4276 pe-

92 4271 130 4323 od
157 4270 362 4338 deformitatem.
392 4268 474 4338 Seyff.
497 4268 556 4325 Pal.
581 4272 601 4326 Ι.
627 4279 650 4328 1.
705 4272 802 4325 cuuiis.
822 4271 888 4326 Her.
902 4289 974 4342 resp.
989 4277 1032 4330 30.
1054 4273 1260 4347 Vglusgelsb.

92 4343 107 4404 ἓ
130 4344 153 4392 1.
172 4357 200 4410 p.
216 4346 261 4410 113
281 4339 416 4410 N‘dgelsb.
434 4358 463 4410 p.
482 4345 614 4399 338-39.
705 4341 767 4397 Stil.
783 4348 798 4409 ξ
816 4349 841 4397 3.
863 4349 886 4399 1.
